3384 5400
534 665 613 716 ens.
630 665 716 728 xvc,
733 667 836 718 vens.
857 669 983 736 19.-s.
999 669 1071 738 7¹²·
1297 657 1363 741 609

301 843 391 914 711.
419 831 484 895 'ft
496 837 603 896 lenm
615 839 715 897 notus
730 834 835 897 lnotnt
850 840 902 898 eil
913 855 1054 918 mannus,
1070 835 1169 919 qualis
1183 856 1242 899 non
1258 837 1363 901 ineius

241 937 285 984 en
304 940 364 1003 qvo
381 921 517 984 nominet
532 923 613 986 leoli
629 928 704 986 sunl
721 943 816 1005 super
835 930 934 997 terrm
950 926 1023 988 tnlie
1044 932 1150 989 nenne
1164 933 1264 990 moiun
1285 928 1361 990 adeo

240 1012 409 1092 meynuel'
433 1011 604 1094 significat
631 1014 778 1077 omm'um
798 1013 966 1078 Ecclesiae
993 1017 1096 1097 quasi
1122 1016 1383 1092 concussiones,

234 1111 470 1186 paroxysmos,
493 1104 705 1180 inversiones,
729 1107 947 1170 detrationes
975 1128 993 1170 e
1023 1106 1275 1190 Caelo-Quod
1301 1129 1362 1192 per

241 1202 380 1261 “terrae
404 1198 539 1262 motus”
557 1199 788 1281 significentur
811 1203 1018 1265 mutationes
1040 1210 1151 1265 status
1174 1201 1360 1277 Ecclesiae,

239 1291 394 1355 videatur
412 1312 512 1374 supra
529 1291 576 1374 (n.
594 1293 691 1374 331);
714 1305 750 1358 et
768 1297 845 1378 quia
862 1303 1101 1360 terraemotus
1119 1307 1198 1360 sunt
1218 1296 1360 1360 leviores

239 1395 276 1450 et
294 1387 466 1468 graviores
485 1384 553 1468 (hic
572 1389 769 1470 gravissimi,
788 1389 868 1471 quia
885 1390 1017 1464 dicitur,
1037 1389 1127 1472 quod
1149 1390 1228 1454 talis
1251 1400 1361 1456 terrae

240 1490 353 1544 motus
373 1486 469 1544 “non
489 1479 595 1546 ladius
617 1484 661 1546 sit
684 1504 728 1545 ex
752 1504 819 1566 quo
841 1484 995 1547 homines
1012 1482 1091 1549 sacti
1113 1495 1193 1550 sunt
1201 1485 1244 1568 ”),
1263 1496 1363 1568 patet·

239 1574 330 1656 quod
342 1595 408 1657 *per
427 1581 446 1610 ⁴⁸
457 1585 566 1640 terrae
582 1586 712 1640 motum
721 1576 735 1602 ''
754 1577 807 1641 hic
826 1577 1056 1659 significentur
1072 1581 1221 1642 omnium
1238 1579 1360 1644 Eccle-

239 1669 310 1732 siae
332 1671 581 1746 concussiones,
605 1673 812 1753 paroxysmi,
837 1673 1054 1740 inversiones.
1078 1671 1309 1738 detractiones
1341 1695 1361 1739 e

239 1759 355 1826 Caelo.
401 1763 532 1827 Dicitur
546 1765 650 1829 etiam
666 1765 709 1828 de
726 1765 892 1840 Dracone,
909 1768 965 1849 qui
981 1777 1122 1831 vocatur
1137 1767 1283 1850 Serpens
1299 1788 1360 1832 an-

239 1858 363 1940 tiquus,
383 1857 547 1922 Diabolus
569 1869 605 1922 et
627 1857 781 1934 Satanas,
801 1860 892 1942 quod

292 2001 309 2026 ¹⁴
318 1999 411 2051 Cauda
423 2016 472 2050 sua
482 2001 627 2052 detraxerit
638 2017 653 2052 e
664 2001 746 2052 C'aelo
756 2003 861 2053 tertiam
871 2013 974 2068 partem
986 2003 1132 2063 stellarum,
1143 2014 1171 2054 et
1182 1987 1324 2069 orojecerit
1332 2005 1360 2056 in

371 2066 485 2116 terram”
498 2067 585 2131 (Apoc.
597 2069 641 2118 xii.
653 2067 696 2129 4);

289 2132 417 2183 Similiter
428 2134 461 2183 de
475 2133 558 2184 Hirco
569 2148 707 2197 caprarum
720 2133 802 2196 (Dan.
817 2135 872 2184 viii.
886 2134 983 2197 10-12).

239 2272 333 2336 Dicit
352 2273 454 2336 etiam
475 2272 639 2336 Dominus
658 2273 699 2336 de
719 2271 784 2336 fine
803 2271 898 2354 hujus
918 2254 1104 2348 Ecclesiae,

291 2422 309 2444 “
321 2419 378 2484 Erit
395 2430 458 2469 tunc
474 2417 583 2471 afflictio
595 2435 701 2482 magna,
713 2421 798 2483 qualis
812 2419 929 2471 nonfuit
942 2421 978 2470 ab
989 2420 1067 2470 initio
1079 2420 1267 2486 munditiisque
1278 2435 1358 2480 nunc,

371 2500 419 2534 nec
432 2485 496 2534 fient
506 2483 520 2504 ’⁹
532 2483 639 2547 (Multi.
652 2486 723 2534 xxiv.
736 2488 784 2547 at).

240 2634 334 2698 Finis
349 2633 523 2696 Ecclesiae
539 2633 737 2697 describitur
750 2633 853 2696 etiam
870 2633 958 2716 apud
975 2633 1163 2717 Prophetas
1178 2653 1238 2717 per
1250 2644 1359 2700 terrae

238 2729 487 2803 concussiones,
507 2728 751 2801 subversiones,
772 2725 988 2809 dejedtiones,
1008 2739 1044 2792 et
1063 2729 1159 2812 plura
1175 2750 1263 2812 quae
1280 2741 1359 2794 sunt

239 2834 350 2889 terrae
369 2833 530 2888 motuum.

299 2928 388 2998 712.
414 2926 499 2993 [Vm.
515 2926 567 2992 19·]
593 2915 658 2977 ‘fr
671 2915 758 2978 luein
778 2922 830 2978 esi
842 2916 917 2979 vrbs
930 2935 1044 2999 magne
1062 2916 1093 2977 in
1114 2922 1181 2980 tres
1191 2922 1312 2998 poma,
1326 2921 1362 2979 ei

240 3007 334 3070 uniet
344 3004 480 3087 nentium
495 3004 709 3077 oecideruni,''
723 3004 891 3086 significat
906 3006 997 3088 quod
1007 3004 1158 3069 Ecclesia
1172 3005 1236 3069 illa
1250 3006 1363 3087 quoad

238 3098 424 3163 dodanam
440 3096 484 3159 ab
502 3096 574 3159 illis
587 3107 731 3177 prorsus
749 3097 920 3167 destrucia
937 3098 994 3172 sit,
1008 3098 1143 3178 pariter
1156 3118 1265 3160 omnes
1279 3097 1358 3161 liae-

239 3210 329 3257 reses
344 3212 427 3275 quae
447 3190 489 3255 ab
511 3189 572 3253 illa
589 3190 942 3272 emanarunt—Quod
965 3212 1025 3273 per
1044 3192 1188 3254 “urbem
1198 3191 1212 3215 ”
1230 3191 1358 3272 signifi·

239 3298 335 3352 cetur
357 3283 509 3349 dodirina
533 3284 718 3359 Ecclesiae,
743 3306 802 3349 seu
832 3286 922 3368 quod
952 3287 1041 3349 idem
1064 3284 1220 3348 Ecclesia
1245 3285 1357 3368 quoad

239 3380 439 3455 doctrinam,
455 3380 608 3443 videatur
624 3399 722 3461 supra
742 3380 789 3461 (n.
810 3398 878 3459 194,
899 3395 967 3460 501,
988 3379 1061 3462 502)
1076 3401 1083 3456 ;
1107 3380 1185 3442 inde
1201 3400 1260 3461 per
1276 3386 1359 3442 “ur-

240 3478 300 3541 bes
322 3474 498 3557 gentium”
521 3473 751 3555 significantur
773 3472 947 3537 dodtrinae
969 3475 1160 3537 haereticae
1189 3494 1248 3536 seu
1277 3472 1358 3537 hae-

240 3591 341 3644 reses,
368 3588 455 3651 quae
485 3589 529 3631 ex
560 3568 617 3631 illa
646 3579 898 3642 emanaverunt,
922 3588 1008 3649 quae
1032 3576 1110 3630 sunt
1134 3568 1263 3649 plures:
1300 3587 1360 3649 per

241 3664 339 3729 “fieri
362 3666 395 3726 in
419 3674 487 3726 tres
510 3662 645 3744 partes”
664 3660 872 3744 significatur
889 3682 1022 3744 prorsus
1041 3662 1178 3734 destrui,
1199 3680 1276 3723 nam
1300 3681 1360 3743 per

241 3758 395 3822 “dividi”
417 3760 450 3820 in
474 3756 590 3820 Verbo
613 3756 818 3837 significatur
837 3757 999 3837 dissipari,
1021 3775 1066 3819 ex
1090 3775 1191 3819 causa
1213 3756 1289 3838 quia
1311 3756 1358 3817 sic

240 3874 309 3918 non
332 3852 526 3925 cohaerent,
551 3860 585 3915 et
610 3871 668 3932 per
693 3850 806 3914 “tria''
830 3849 1037 3931 significatur
1058 3869 1159 3912 omne
1185 3858 1220 3912 et
1247 3859 1358 3912 totum

242 3948 289 4031 (n.
312 3962 385 4026 400,
412 3944 508 4027 305);
542 3945 620 4008 inde
643 3964 701 4026 per
726 3943 823 4007 “fieri
846 3944 879 4006 in
903 3954 973 4006 tres
996 3942 1131 4025 partes‘’
1154 3942 1360 4024 significatur

240 4062 374 4125 prorsus
390 4040 534 4103 destrui:
559 4060 618 4121 per
635 4038 810 4109 “cadere''
826 4038 917 4120 quod
929 4039 1051 4101 dicitur
1065 4038 1109 4100 de
1124 4038 1258 4100 urbibus
1274 4056 1358 4119 gen·

239 4138 334 4211 tium,
349 4136 451 4198 etiam
467 4132 673 4215 significatur
685 4134 821 4196 destrui.
868 4132 999 4195 Dicitur
1010 4132 1101 4214 quod
1118 4132 1224 4194 “urbs
1239 4133 1273 4194 in
1289 4143 1359 4195 tres

240 4240 354 4314 partes
371 4226 460 4292 sadis
480 4227 552 4301 sit,”
570 4236 605 4291 et
624 4228 713 4309 quod
735 4228 861 4290 “urbes
880 4228 1031 4307 gentium
1051 4225 1264 4299 ceciderint,”
1282 4227 1359 4307 quia

240 4344 321 4390 mox
338 4324 427 4407 prius
446 4324 488 4385 de
508 4329 616 4385 terrae
633 4332 738 4395 motu,
755 4322 787 4384 in
806 4342 874 4403 quo
893 4320 974 4384 talia
992 4319 1086 4383 fiunt.
1131 4320 1194 4383 Per
1213 4321 1358 4384 “urbem

240 4416 424 4501 magnam”
445 4416 646 4497 intelligitur
668 4416 745 4479 urbs
768 4434 893 4496 magna
916 4415 959 4478 de
990 4435 1056 4497 qua
1078 4434 1178 4495 supra
1202 4412 1290 4496 (cap.
1312 4414 1358 4476 xi.

240 4534 325 4578 vers.
345 4512 392 4596 8),
408 4531 495 4595 quae
517 4512 562 4573 ibi
579 4519 720 4574 vocatur
739 4508 917 4573 “Sodoma
939 4517 975 4573 et
998 4508 1210 4591 Aegyptus,”
1228 4508 1271 4571 de
1293 4528 1359 4591 qua

240 4610 394 4673 videatur
413 4624 519 4689 supra.
531 4603 577 4688 (n.
601 4604 769 4687 sot-504).
815 4602 916 4685 Quod
937 4602 1069 4667 “urbs’'
1087 4600 1253 4684 significet
1275 4602 1356 4665 doc-
