3384 5400
542 685 622 736 cun
639 685 711 747 xv,
727 683 831 735 vans.
851 683 958 752 5.-Ν.
974 669 1047 749 669.
1282 685 1341 752 573

219 866 258 924 et
276 856 354 921 alibi
372 856 462 940 quod
480 855 590 919 iacere
609 855 756 918 debeant
773 854 945 936 Justitiam
964 863 999 918 et
1016 854 1181 936 Judicium

269 1005 319 1072 (Ut
330 1005 403 1070 Esaj.
415 1007 431 1055 i.
444 1018 473 1055 21
486 1020 491 1063 ;
514 1020 571 1068 cap.
584 1020 610 1055 v.
624 1005 669 1064 16;
686 1019 744 1068 cap.
754 1005 799 1054 lvi.
814 1001 865 1063 πως
886 1019 943 1068 cap.
954 1005 1018 1054 lviii.
1030 1018 1062 1063 2;
1082 1007 1177 1070 Jemm
1188 1007 1223 1056 lv.
1233 1019 1264 1065 23
1282 1021 1339 1070 cap.

352 1068 518 1132 xxiii¹l3,13,
534 1083 579 1130 15:
607 1071 826 1130 Esech.xviii.5;
855 1085 913 1132 cap.
928 1070 1019 1120 xxxiii.
1033 1084 1070 1131 14,
1085 1071 1122 1126 16,
1137 1083 1182 1134 193
1207 1074 1288 1122 Amos
1304 1073 1339 1124 vl.

353 1150 398 1199 ιη
422 1138 505 1188 Mich.
517 1137 561 1187 vii.
573 1151 605 1200 93
627 1137 720 1186 Deutr.
732 1137 823 1186 xxxiii.
835 1148 883 1196 αις
903 1136 966 1201 Joh.
977 1137 1032 1187 xvi.
1044 1138 1068 1196 8,
1083 1135 1140 1199 10);

220 1277 266 1341 ibi
286 1276 470 1358 “Justitia”
489 1277 610 1340 dicitur
628 1276 670 1339 de
693 1277 785 1339 bono
805 1277 886 1352 veri,
905 1296 945 1340 ac
966 1276 1182 1357 “Judicium”
1200 1278 1242 1341 de
1260 1297 1341 1342 vero

221 1372 311 1435 boni.
371 1369 538 1452 Quoniam
560 1370 725 1452 Judicium
749 1370 870 1435 dicitur
892 1371 935 1434 de
961 1391 1052 1445 vero,
1076 1382 1111 1434 et
1136 1371 1273 1453 Justitia
1299 1375 1342 1436 de

221 1467 324 1542 bono,
343 1466 419 1528 ideo
437 1466 471 1528 in
490 1464 688 1547 quibusdam
707 1464 790 1528 locis
809 1467 930 1529 dicitur
949 1465 1115 1529 “Veritas
1133 1476 1169 1530 et
1183 1466 1343 1548 Justitia”

426 1611 473 1675 (Ut
484 1612 558 1677 Esaj.
569 1612 605 1662 xi.
618 1624 631 1674 5
642 1627 649 1674 ;
676 1613 778 1664 Psalm.
789 1609 900 1664 imvm
913 1625 942 1662 12
956 1609 1002 1680 [B.
1013 1615 1049 1664 A.
1062 1609 1116 1679 11])
1128 1628 1134 1674 ;

221 1751 258 1807 et
276 1741 364 1824 apud
383 1742 560 1817 Davidem,

273 1883 400 1950 “Judicia
410 1883 529 1964 Jehovae
540 1883 655 1942 Veritas,
669 1884 741 1947 justa
753 1893 816 1964 sunt
827 1885 925 1943 simul:
945 1885 1133 1936 desiderabilia
1150 1901 1213 1952 prae
1225 1902 1300 1948 auro,
1314 1898 1342 1940 et

351 1951 438 2000 dulcia
449 1965 513 2014 prae
526 1951 605 2001 melle
613 1950 627 1970 '¹
639 1951 750 2014 (Psalm.
761 1965 814 2002 xix.
828 1964 867 2011 10,
881 1964 909 2001 11
924 1948 971 2017 [B.
982 1954 1018 2004 A.
1028 1967 1053 2016 9,
1066 1949 1129 2016 101).

222 2089 324 2172 Quod
348 2089 515 2171 Regimen
534 2089 671 2153 Domini
693 2091 727 2152 in
747 2089 871 2172 Regno
887 2090 1026 2154 caelesti
1045 2091 1176 2155 dicatur
1192 2090 1339 2172 Justitia,

221 2195 257 2248 et
276 2187 309 2247 in
328 2184 451 2266 Regno
467 2183 628 2266 spirituali
643 2184 818 2266 Judicium,
835 2185 990 2248 videatur
1005 2186 1038 2248 in
1054 2182 1166 2268 Opere
1183 2186 1225 2250 de
1242 2184 1342 2250 Caelo

220 2290 253 2343 et
270 2279 414 2359 Inserno,
434 2279 579 2346 Londini
598 2280 691 2343 edito
712 2277 759 2360 (n.
779 2279 951 2361 214-216).

281 2377 386 2458 ⁶⁶9·
411 2387 496 2453 [Vm.
510 2385 547 2450 5.]
573 2375 759 2439 “Potidaea
772 2375 837 2448 vida}
849 2381 969 2439 eteoee
980 2383 1181 2456 undumeni
1192 2377 1341 2457 Templum

226 2465 429 2530 Tabernuouli
452 2464 625 2528 Testimonii
644 2464 674 2526 in
698 2463 827 2537 duelof'
852 2465 1019 2547 significat
1045 2465 1135 2548 quod
1155 2466 1267 2529 visum
1291 2467 1342 2530 sit

220 2559 373 2623 intimum
394 2557 495 2632 Caeli,
513 2558 571 2622 ubi
589 2557 750 2621 Dominus
773 2558 808 2620 in
832 2557 902 2622 Sua
925 2559 1102 2622 sanllitate
1122 2558 1157 2621 in
1181 2559 1293 2635 Verb0,
1309 2569 1342 2623 et

220 2654 256 2719 in
273 2653 359 2736 Lege
380 2674 463 2737 quae
483 2651 675 2734 Decalogus,
694 2652 861 2717 est-Per
880 2652 1089 2735 “Templum
1100 2653 1115 2678 ”
1134 2653 1340 2736 significatur

221 2751 255 2814 in
285 2769 440 2831 supremo
473 2746 580 2812 Sensu
613 2747 778 2810 Dominus
807 2749 920 2830 quoad
954 2748 1110 2811 Divinum
1145 2748 1340 2813 Humanum

221 2844 335 2917 Suum,
351 2843 479 2915 etinde
496 2841 634 2906 Caelum
650 2852 684 2905 et
702 2840 857 2905 Ecclesia
875 2841 921 2923 (n.
942 2859 1009 2923 191,
1025 2842 1112 2925 529),
1130 2843 1182 2906 hic
1199 2843 1339 2908 Caelum

221 2938 469 3015 Christianum
496 2958 554 3019 per
574 2935 872 2999 “Tabernaculum
892 2936 1115 2999 Testimonii”
1134 2937 1341 3018 significatur

221 3035 375 3097 intimum
389 3032 474 3094 illius
487 3030 590 3105 Caeli,
604 3031 659 3093 ubi
672 3030 837 3093 Dominus
850 3032 882 3092 in
896 3029 962 3093 Sua
974 3029 1156 3095 sanititate
1168 3034 1200 3095 in
1213 3032 1339 3108 Verbo,

221 3138 257 3191 et
276 3129 309 3190 in
329 3126 423 3208 Lege
438 3146 523 3208 quae
540 3122 743 3206 DecaloguS,
761 3134 824 3199 est,
841 3127 999 3207 quoniam
1019 3146 1077 3207 per
1094 3126 1340 3191 “Tabernacu-

221 3222 314 3285 lum”
331 3240 437 3303 aeque
454 3218 660 3301 significatur
679 3218 818 3283 Caelum
840 3219 887 3299 (n.
909 3219 995 3300 585),
1015 3240 1054 3283 ac
1074 3222 1228 3285 intimum
1246 3222 1339 3285 Tab-

222 3316 368 3379 ernaculi
390 3315 450 3378 suit
474 3314 528 3376 ubi
550 3323 623 3376 erat
640 3312 743 3388 Arca,
763 3315 796 3375 in
818 3334 884 3396 qua
905 3314 1037 3377 fuerunt
1060 3315 1158 3378 binae
1177 3315 1339 3391 Tabulae,

222 3411 340 3493 quibus
357 3410 464 3489 digito
481 3407 544 3470 Dei
562 3408 722 3490 inscripta
738 3408 870 3471 suerunt
889 3409 1008 3471 decem
1021 3408 1147 3483 Verba,
1160 3430 1245 3491 quae
1262 3422 1340 3475 sunt

223 3505 341 3568 decem
365 3511 546 3584 praecepta
569 3501 744 3585 Decalogi,
763 3522 849 3584 quae
867 3502 1102 3583 intelliguntur
1120 3522 1179 3585 per
1198 3505 1340 3568 “Testi-

222 3596 399 3671 monium”
417 3606 452 3660 et
475 3616 608 3679 quoque
630 3608 794 3660 vocantur
814 3597 1090 3660 “Testimonium
1104 3597 1129 3674 ;'’
1154 3618 1200 3660 ex
1223 3601 1341 3681 quibus

222 3700 329 3774 patet,
349 3690 439 3773 quod
461 3712 521 3773 per
539 3690 634 3753 “vidi
652 3702 688 3754 et
707 3710 786 3754 ecce
804 3701 958 3772 apertum
977 3700 1030 3754 est
1049 3691 1230 3773 Templum
1248 3693 1340 3756 Tab-

222 3785 369 3851 ernaculi
392 3785 592 3848 Testimonii
618 3786 652 3847 in
676 3784 803 3848 Caelo”
826 3784 1033 3866 significetur
1055 3785 1145 3867 quod
1167 3787 1273 3850 visum
1297 3790 1340 3851 sit

223 3882 376 3943 intimum
393 3878 486 3943 Caeli
502 3880 554 3942 ubi
573 3879 736 3942 Dominus
752 3881 785 3941 in
802 3878 869 3942 Sua
885 3876 1067 3942 sandlitate
1082 3881 1115 3941 in
1133 3880 1237 3961 Lege,
1254 3900 1341 3963 quae

222 3973 425 4055 Decalogus,
436 3983 507 4037 est:
525 3974 614 4056 quod
625 3994 683 4055 per
695 3973 992 4037 “Tabernaculum
1003 3974 1340 4038 Testimonii”etiam

222 4067 429 4150 significetur
441 4068 496 4131 ubi
507 4066 670 4143 Verbum,
683 4079 736 4132 est
748 4069 825 4150 quia
838 4068 1114 4131 “Testimonium
1123 4068 1138 4091 ”
1150 4088 1217 4130 non
1231 4070 1341 4133 solum

223 4164 344 4225 dicitur
367 4162 409 4225 de
432 4162 526 4242 Lege
548 4182 634 4244 quae
657 4162 861 4243 Decalogus,
881 4164 941 4225 sed
964 4164 1068 4225 etiam
1091 4164 1134 4225 de
1154 4162 1281 4236 Verbo,
1300 4184 1340 4226 ac

223 4258 265 4320 de
289 4256 437 4319 Domino
460 4266 496 4319 ut
517 4255 677 4330 Verbum,
697 4258 773 4339 quia
792 4256 944 4320 Verbum
964 4266 1110 4320 testatur
1128 4257 1171 4319 de
1193 4257 1272 4338 Ipso
1292 4256 1339 4338 (n.

221 4366 295 4429 490,
319 4348 405 4433 555).
450 4348 551 4432 Quod
574 4352 606 4412 in
631 4350 734 4414 Caelo
757 4350 909 4414 Verbum
932 4353 987 4424 sit,
1010 4361 1045 4414 et
1069 4351 1133 4413 hoc
1157 4354 1340 4432 repositum

222 4444 256 4507 in
275 4446 395 4507 intimo
410 4443 490 4524 ejus,
507 4445 596 4527 quod
611 4456 753 4508 vocatur
768 4443 967 4519 Sacrarium,
983 4456 1018 4509 et
1034 4445 1125 4527 quod
1140 4446 1184 4508 ibi
1199 4447 1244 4509 sit
1263 4445 1341 4509 Lux

222 4538 378 4602 flammea
396 4550 431 4601 et
450 4539 604 4613 candida,
624 4540 796 4603 excedens
818 4560 954 4604 omnem
978 4542 1120 4622 gradum
1143 4540 1235 4613 lucis,
1255 4562 1341 4624 quae

223 4642 323 4695 extra
348 4632 430 4695 illud
455 4634 489 4695 in
512 4631 615 4697 Caelo
638 4643 702 4711 est,
725 4634 879 4698 videatur
899 4634 1062 4698 Dolirina
1083 4634 1200 4698 Novae
1219 4634 1340 4699 Hiero·
