3384 5400
384 688 449 769 846
704 700 951 753 nuocnuunms
974 700 1186 751 neverum.

383 858 461 941 curn
484 876 617 939 illorum
632 874 798 957 jucundis,
818 882 953 937 tantum
972 872 1077 937 intrat
1096 892 1191 937 amor
1210 871 1359 947 Domini,
1379 873 1445 955 qui,
1465 882 1500 937 ut

383 966 521 1055 ditium,
549 980 602 1033 est
635 969 832 1032 universalis
865 988 946 1051 erga
978 987 1108 1043 omnes,
1142 977 1178 1031 et
1210 978 1291 1032 tunc
1325 968 1502 1032 abducitur

382 1064 488 1127 homo
516 1064 560 1128 ab
590 1064 736 1139 Inlerno,
763 1082 804 1127 ac
834 1063 1003 1127 inducitur
1031 1063 1065 1126 in
1096 1060 1246 1127 Caelum.
1293 1062 1369 1125 Hoc
1401 1061 1502 1126 saciet

382 1159 487 1221 homo
509 1160 542 1221 in
566 1158 712 1235 mundo;
744 1176 823 1221 nam
845 1156 954 1239 qualis
977 1156 1082 1220 homo
1103 1166 1156 1220 est
1183 1158 1217 1221 in
1240 1157 1367 1221 mundo
1390 1158 1502 1239 quoad

382 1254 546 1335 spiritum,
570 1251 649 1315 talis
676 1260 793 1315 manet
821 1252 856 1314 in
882 1262 1069 1326 aeternum,
1098 1271 1174 1315 cum
1201 1251 1275 1315 sola
1301 1249 1500 1325 differentia,

381 1346 472 1428 quod
498 1356 610 1409 status
632 1346 702 1427 ejus
728 1344 788 1409 liat
814 1343 1002 1428 perfectior,
1026 1346 1054 1410 si
1080 1346 1167 1409 bene
1193 1346 1291 1419 vixit,
1315 1346 1393 1427 quia
1419 1355 1501 1410 tunc

382 1450 520 1504 nonest
539 1440 799 1504 circumvelatus
815 1440 982 1505 materiali
998 1460 1150 1523 corpore,
1167 1440 1228 1504 sed
1246 1440 1329 1503 vivit
1345 1440 1503 1522 spiritua·

382 1533 423 1597 lis
440 1536 476 1598 in
493 1535 656 1617 spirituali
673 1554 824 1617 corpore.

440 1636 543 1718 938·
569 1648 581 1714 [
590 1650 657 1698 Vm.
669 1646 707 1714 φ]
732 1635 798 1698 ‘fr
816 1635 954 1699 videbunt
971 1635 1094 1699 furiem
1108 1635 1214 1717 Ipsius,
1229 1640 1263 1699 st
1281 1635 1393 1698 Nomen
1406 1634 1504 1717 lprr‘ur

381 1725 412 1786 r'n
433 1725 582 1787 {mutilus
599 1724 933 1807 illorum,''significat
949 1726 1040 1809 quod
1055 1736 1244 1789 convertent
1263 1746 1299 1789 se
1320 1725 1369 1788 ad
1382 1725 1502 1790 Domi·

381 1837 469 1894 num,
488 1828 521 1881 et
540 1817 703 1881 Dominus
722 1817 766 1881 Se
782 1818 831 1881 ad
849 1817 935 1893 illos,
955 1818 1035 1901 quia
1051 1818 1213 1901 conjunbli
1222 1828 1288 1899 per
1304 1840 1503 1883 amorem.-

381 1910 482 1994 Quod
502 1933 561 1994 per
581 1913 722 1975 “videre
741 1912 903 1975 Faciem”
922 1910 987 1976 Dei
1004 1922 1039 1976 et
1059 1912 1164 1994 Agni,
1185 1933 1243 1977 seu
1263 1913 1411 1987 Domini,
1432 1933 1499 1977 non

379 2006 592 2088 intelligatur
606 2005 720 2069 videre
739 2006 878 2070 Faciem
898 2006 1016 2088 Ipsius,
1037 2008 1113 2089 quia
1131 2026 1233 2070 nemo
1252 2017 1367 2089 potest
1386 2008 1500 2071 videre

381 2100 518 2164 Faciem
539 2100 657 2182 Ipsius,
678 2099 786 2182 qualis
805 2110 859 2164 est
882 2102 916 2163 ln
940 2100 1065 2164 Divino
1083 2100 1152 2163 Suo
1171 2100 1301 2163 Amore
1323 2111 1359 2165 et
1382 2103 1416 2165 in
1440 2100 1499 2165 Di·

379 2197 458 2258 vina
477 2193 544 2259 Sua
560 2194 744 2276 Sapientia,
763 2203 800 2258 et
818 2195 941 2267 vivere,
960 2204 1014 2258 est
1033 2196 1122 2259 enirn
1142 2192 1201 2258 Sol
1221 2194 1315 2259 Caeli
1336 2206 1370 2259 et
1395 2198 1499 2259 totius

380 2290 496 2352 mundi
515 2287 714 2371 spiritualis;
744 2307 823 2351 nam
841 2288 956 2351 videre
976 2288 1113 2352 Faciem
1134 2288 1252 2371 lpsius,
1272 2289 1380 2371 qualis
1403 2292 1436 2352 in
1456 2288 1498 2355 Se

379 2394 444 2457 est,
468 2383 555 2447 soret
581 2384 668 2446 sicut
691 2384 764 2465 quis
786 2384 930 2446 intraret
957 2384 990 2445 in
1018 2383 1136 2458 solem,
1161 2402 1181 2445 a
1207 2382 1300 2464 cujus
1323 2384 1402 2465 igne
1425 2404 1497 2447 mo·

380 2487 499 2542 mento
514 2486 777 2541 consumeretur.
822 2475 874 2540 At
894 2476 1059 2539 Dominus
1078 2488 1178 2540 extra
1197 2476 1312 2541 Solem
1332 2476 1437 2543 Suum
1456 2476 1498 2542 Se

379 2572 581 2655 quandoque
601 2572 690 2634 sistit
709 2571 912 2648 videndum
945 2572 1005 2634 sed
1029 2581 1109 2635 tunc
1129 2572 1267 2635 obvelat
1291 2592 1327 2635 se
1350 2582 1386 2637 et
1409 2574 1497 2636 sistit

379 2665 424 2731 Se
442 2667 525 2730 visui
548 2665 692 2740 illorum,
712 2665 803 2748 quod
825 2665 863 2729 fit
887 2686 946 2748 per
964 2665 1144 2748 angelum;
1168 2675 1204 2729 ut
1221 2686 1354 2750 quoque
1372 2667 1497 2732 iecerat

378 2763 412 2824 in
442 2762 570 2824 mundo
599 2781 713 2824 coram
741 2759 951 2835 Abrahamo,
981 2761 1130 2843 Hagare,
1154 2761 1281 2836 Lotho,
1310 2761 1495 2836 Guideone,

376 2855 491 2936 Josua,
515 2865 551 2918 et
574 2854 667 2933 aliis;
695 2876 797 2937 quare
820 2854 868 2917 illi
891 2854 1006 2937 angeli
1027 2856 1140 2919 vocati
1164 2866 1242 2918 sunt
1268 2856 1440 2938 “angeli”
1461 2867 1496 2920 et

377 2969 512 3032 quoque
529 2950 709 3031 “Jehovah
721 2948 746 3027 ;”
762 2949 822 3013 suit
840 2950 932 3013 enim
948 2951 1140 3032 praesentia
1153 2950 1304 3030 Jehovae
1323 2971 1342 3014 e
1362 2951 1495 3033 longin-

377 3064 445 3126 quo
462 3046 497 3106 in
515 3044 590 3108 illis.
635 3043 686 3107 At
705 3064 764 3126 per
781 3044 973 3108 “videbunt
991 3043 1127 3108 Faciem
1147 3043 1277 3127 Ipsius’'
1293 3045 1346 3108 hic
1364 3065 1427 3108 nec
1446 3047 1495 3108 in·

377 3138 543 3220 telligitur
560 3139 609 3201 ita
627 3138 740 3200 videre
759 3137 897 3201 Faciem
918 3137 1036 3221 Ipsius,
1054 3138 1113 3202 sed
1132 3139 1245 3201 videre
1261 3158 1340 3201 vera
1359 3141 1495 3221 quaein

377 3233 495 3296 Verbo
517 3243 596 3296 sunt
619 3232 662 3295 ab
686 3233 776 3314 Ipso,
796 3241 832 3296 et
856 3253 915 3315 per
937 3233 996 3296 illa
1017 3252 1227 3315 cognoscere
1250 3243 1285 3296 et
1309 3253 1495 3314 agnoscere

377 3329 503 3410 Ipsum.
549 3328 672 3392 Divina
694 3328 783 3390 enim
802 3347 882 3391 vera
901 3327 1007 3391 Verbi
1029 3327 1156 3391 iaciunt
1178 3327 1289 3391 lucem
1308 3348 1395 3410 quae
1418 3348 1495 3410 pro·

376 3423 467 3486 cedit
487 3443 507 3485 a
527 3420 675 3485 Domino
693 3430 730 3484 ut
749 3419 840 3497 Sole,
858 3423 891 3484 in
910 3443 976 3504 qua
995 3431 1074 3486 sunt
1093 3421 1241 3503 Angeli;
1264 3431 1300 3484 et
1318 3424 1395 3504 quia
1413 3421 1495 3486 iaci·

376 3526 437 3580 unt
466 3516 586 3590 lucem,
610 3525 690 3579 sunt
716 3517 804 3578 sicut
830 3516 978 3598 specula,
1003 3517 1036 3578 in
1063 3514 1182 3598 quibus
1210 3513 1329 3578 Facies
1357 3516 1494 3582 Domini

376 3612 517 3675 videtur.
571 3609 672 3690 Quod
695 3630 754 3691 per
778 3611 920 3674 “videre
944 3609 1082 3673 Faciem
1106 3609 1265 3673 Domini”
1287 3609 1495 3691 significetur

375 3714 576 3768 convertere
592 3725 628 3767 se
647 3705 689 3766 ad
714 3704 839 3785 Ipsum,
860 3705 991 3768 dicetur
1013 3704 1106 3768 inira.
1152 3704 1213 3767 Per
1233 3703 1397 3768 “Nomen
1422 3705 1493 3769 Do·

376 3801 456 3861 mini
475 3800 508 3861 in
527 3798 691 3861 frontibus
707 3798 841 3861 illorum
852 3797 867 3824 ”
883 3797 1091 3880 significatur
1106 3798 1195 3880 quod
1216 3797 1381 3861 Dominus
1400 3808 1494 3864 amet

375 3892 461 3968 illos,
475 3902 510 3955 et
527 3901 706 3955 convertat
722 3891 799 3954 illos
814 3891 858 3954 ad
875 3890 937 3969 Se;
962 3913 1021 3974 per
1034 3891 1199 3955 “Nomen
1216 3891 1353 3955 Domini
1361 3892 1375 3916 ”
1388 3893 1492 3976 signi-

375 3986 493 4050 ficatur
516 3986 594 4068 Ipse
613 3986 789 4060 Dominus,
809 3987 887 4068 quia
905 3985 1113 4068 significatur
1132 4006 1233 4050 omne
1251 3985 1351 4068 quale
1372 3987 1492 4070 Ipsius,

374 4101 434 4163 per
460 4082 550 4164 quod
576 4082 805 4162 cognoscitur,
830 4091 866 4145 et
893 4082 1078 4144 secundum
1105 4082 1195 4163 quod
1219 4081 1342 4144 colitur
1370 4080 1417 4163 (n.
1441 4085 1491 4158 81,

376 4174 473 4258 584);
496 4185 531 4239 et
551 4194 610 4257 per
626 4174 800 4238 “frontem
808 4175 824 4201 ''
839 4174 1048 4257 significatur
1066 4195 1161 4239 amor
1182 4174 1229 4257 (n.
1250 4191 1320 4256 347,
1333 4175 1435 4258 605);
1458 4186 1493 4241 et

373 4289 433 4351 per
453 4271 644 4352 “scriptum
665 4270 699 4332 in
717 4269 852 4332 ironte”
871 4269 1079 4351 significatur
1096 4291 1192 4333 amor
1211 4271 1348 4333 Domini
1371 4273 1404 4334 iu
1428 4271 1492 4334 illis

375 4362 423 4444 (n.
439 4362 537 4446 729);
561 4383 605 4426 ex
622 4364 673 4427 his
688 4372 847 4426 constare
864 4373 979 4446 potest
994 4365 1073 4447 quid
1092 4366 1224 4447 proprie
1242 4384 1301 4446 per
1316 4364 1374 4428 illa
1389 4367 1492 4428 verba

373 4455 589 4538 significatur.
636 4455 736 4538 Quod
752 4466 868 4520 autem
884 4457 1101 4539 significetur,
1118 4459 1209 4541 quod
1225 4458 1272 4521 illi
1288 4468 1492 4522 convertent

373 4571 409 4613 se
425 4551 468 4613 ad
485 4551 679 4626 Dominum,
697 4561 732 4614 et
752 4550 918 4614 Dominus
934 4549 978 4615 Se
997 4552 1040 4615 ad
1059 4552 1146 4626 illos,
1163 4561 1216 4615 est
1232 4553 1308 4634 quia
1325 4552 1491 4616 Dominus

372 4647 559 4727 omnesqui
576 4644 643 4727 Ipsi
659 4643 829 4728 conjuncti
844 4655 924 4710 sunt
940 4665 999 4729 per
1015 4666 1166 4710 amorem
1182 4646 1302 4729 aspicit
1318 4647 1352 4709 in
1368 4647 1488 4723 fronte,
