<?xml version="1.0" encoding="UTF-8"?>
<!DOCTYPE html PUBLIC "-//W3C//DTD XHTML 1.0 Transitional//EN"
    "http://www.w3.org/TR/xhtml1/DTD/xhtml1-transitional.dtd">
<html xmlns="http://www.w3.org/1999/xhtml" xml:lang="en" lang="en">
 <head>
  <title>
</title>
<meta http-equiv="Content-Type" content="text/html;charset=utf-8" />
  <meta name='ocr-system' content='tesseract 3.04.00' />
  <meta name='ocr-capabilities' content='ocr_page ocr_carea ocr_par ocr_line ocrx_word'/>
</head>
<body>
  <div class='ocr_page' id='page_1' title='image "./apocalypsisreve00swedgoog_0304.png"; bbox 0 0 3384 5400; ppageno 0'>
   <div class='ocr_carea' id='block_1_1' title="bbox 367 634 1169 712">
    <p class='ocr_par' dir='ltr' id='par_1_1' title="bbox 367 634 1169 712">
     <span class='ocr_line' id='line_1_1' title="bbox 367 634 1169 712; baseline 0.005 -17"><span class='ocrx_word' id='word_1_1' title='bbox 367 634 431 712; x_wconf 82' lang='lat'>814</span> <span class='ocrx_word' id='word_1_2' title='bbox 689 646 935 697; x_wconf 71' lang='lat' dir='ltr'>mocanrrsrs</span> <span class='ocrx_word' id='word_1_3' title='bbox 958 636 1169 699; x_wconf 72' lang='lat' dir='ltr'>nnvstlra</span> 
     </span>
    </p>
   </div>
   <div class='ocr_carea' id='block_1_2' title="bbox 364 812 1498 1653">
    <p class='ocr_par' dir='ltr' id='par_1_2' title="bbox 364 812 1498 1653">
     <span class='ocr_line' id='line_1_2' title="bbox 427 812 1497 897; baseline 0.005 -22"><span class='ocrx_word' id='word_1_4' title='bbox 427 826 533 895; x_wconf 71' lang='lat'>9⁰5.</span> <span class='ocrx_word' id='word_1_5' title='bbox 553 824 639 891; x_wconf 78' lang='lat' dir='ltr'><em>[Vm.</em></span> <span class='ocrx_word' id='word_1_6' title='bbox 654 824 708 890; x_wconf 70' lang='lat' dir='ltr'>re]</span> <span class='ocrx_word' id='word_1_7' title='bbox 727 812 787 875; x_wconf 60' lang='grc' dir='ltr'>Ἐἰ</span> <span class='ocrx_word' id='word_1_8' title='bbox 796 813 869 877; x_wconf 68' lang='lat' dir='ltr'>uras</span> <span class='ocrx_word' id='word_1_9' title='bbox 880 813 1139 896; x_wconf 68' lang='lat' dir='ltr'>quadrangularis</span> <span class='ocrx_word' id='word_1_10' title='bbox 1149 814 1211 879; x_wconf 72' lang='lat' dir='ltr'>tria</span> <span class='ocrx_word' id='word_1_11' title='bbox 1220 815 1308 888; x_wconf 60' lang='lat' dir='ltr'>arist</span> <span class='ocrx_word' id='word_1_12' title='bbox 1319 814 1497 897; x_wconf 87' lang='lat' dir='ltr'>significat</span> 
     </span>
     <span class='ocr_line' id='line_1_3' title="bbox 365 903 1498 989; baseline 0.004 -22"><span class='ocrx_word' id='word_1_13' title='bbox 365 904 541 987; x_wconf 82' lang='lat' dir='ltr'>justitiam</span> <span class='ocrx_word' id='word_1_14' title='bbox 559 905 594 966; x_wconf 83' lang='lat' dir='ltr'>in</span> <span class='ocrx_word' id='word_1_15' title='bbox 612 903 828 985; x_wconf 70' lang='lat' dir='ltr'>illa-Quod</span> <span class='ocrx_word' id='word_1_16' title='bbox 844 907 923 969; x_wconf 90' lang='lat' dir='ltr'>urbs</span> <span class='ocrx_word' id='word_1_17' title='bbox 939 908 1010 971; x_wconf 87' lang='lat' dir='ltr'>visa</span> <span class='ocrx_word' id='word_1_18' title='bbox 1025 908 1069 971; x_wconf 88' lang='lat' dir='ltr'>sit</span> <span class='ocrx_word' id='word_1_19' title='bbox 1086 907 1426 989; x_wconf 60' lang='lat' dir='ltr'>“quadrangularis&#39;&#39;</span> <span class='ocrx_word' id='word_1_20' title='bbox 1443 920 1498 973; x_wconf 90' lang='lat' dir='ltr'>est</span> 
     </span>
     <span class='ocr_line' id='line_1_4' title="bbox 366 998 1496 1084; baseline 0.004 -23"><span class='ocrx_word' id='word_1_21' title='bbox 366 1001 445 1082; x_wconf 86' lang='lat' dir='ltr'>quia</span> <span class='ocrx_word' id='word_1_22' title='bbox 461 1005 481 1031; x_wconf 91' lang='grc'>“</span> <span class='ocrx_word' id='word_1_23' title='bbox 491 998 761 1081; x_wconf 88' lang='lat' dir='ltr'>quadrangulare</span> <span class='ocrx_word' id='word_1_24' title='bbox 769 999 784 1025; x_wconf 87' lang='lat'>”</span> <span class='ocrx_word' id='word_1_25' title='bbox 802 1020 862 1063; x_wconf 88' lang='lat' dir='ltr'>seu</span> <span class='ocrx_word' id='word_1_26' title='bbox 882 1002 1113 1084; x_wconf 88' lang='lat' dir='ltr'>“quadratum</span> <span class='ocrx_word' id='word_1_27' title='bbox 1121 1001 1137 1027; x_wconf 88' lang='lat'>&#39;’</span> <span class='ocrx_word' id='word_1_28' title='bbox 1155 1002 1323 1083; x_wconf 87' lang='lat' dir='ltr'>significat</span> <span class='ocrx_word' id='word_1_29' title='bbox 1341 1002 1496 1083; x_wconf 79' lang='lat' dir='ltr'>justum3</span> 
     </span>
     <span class='ocr_line' id='line_1_5' title="bbox 366 1092 1498 1176; baseline 0.005 -21"><span class='ocrx_word' id='word_1_30' title='bbox 366 1113 445 1157; x_wconf 88' lang='lat' dir='ltr'>nam</span> <span class='ocrx_word' id='word_1_31' title='bbox 465 1093 702 1175; x_wconf 85' lang='lat' dir='ltr'>“triangulare</span> <span class='ocrx_word' id='word_1_32' title='bbox 709 1092 725 1118; x_wconf 91' lang='grc'>”</span> <span class='ocrx_word' id='word_1_33' title='bbox 743 1094 911 1176; x_wconf 85' lang='lat' dir='ltr'>significat</span> <span class='ocrx_word' id='word_1_34' title='bbox 930 1094 1078 1159; x_wconf 75' lang='lat' dir='ltr'>retium:</span> <span class='ocrx_word' id='word_1_35' title='bbox 1109 1098 1222 1159; x_wconf 89' lang='lat' dir='ltr'>omnia</span> <span class='ocrx_word' id='word_1_36' title='bbox 1240 1096 1297 1159; x_wconf 88' lang='lat' dir='ltr'>illa</span> <span class='ocrx_word' id='word_1_37' title='bbox 1315 1098 1350 1159; x_wconf 92' lang='lat' dir='ltr'>in</span> <span class='ocrx_word' id='word_1_38' title='bbox 1371 1097 1498 1161; x_wconf 90' lang='lat' dir='ltr'>ultimo</span> 
     </span>
     <span class='ocr_line' id='line_1_6' title="bbox 365 1188 1497 1273; baseline 0.004 -23"><span class='ocrx_word' id='word_1_39' title='bbox 365 1189 484 1269; x_wconf 87' lang='lat' dir='ltr'>gradu,</span> <span class='ocrx_word' id='word_1_40' title='bbox 498 1190 553 1271; x_wconf 91' lang='lat' dir='ltr'>qui</span> <span class='ocrx_word' id='word_1_41' title='bbox 565 1198 617 1251; x_wconf 89' lang='lat' dir='ltr'>est</span> <span class='ocrx_word' id='word_1_42' title='bbox 631 1189 804 1253; x_wconf 88' lang='lat' dir='ltr'>naturalis.</span> <span class='ocrx_word' id='word_1_43' title='bbox 836 1188 1157 1272; x_wconf 84' lang='lat' dir='ltr'>“Quadrangulare”</span> <span class='ocrx_word' id='word_1_44' title='bbox 1169 1212 1228 1255; x_wconf 89' lang='lat' dir='ltr'>seu</span> <span class='ocrx_word' id='word_1_45' title='bbox 1242 1192 1472 1273; x_wconf 86' lang='lat' dir='ltr'>“quadratum</span> <span class='ocrx_word' id='word_1_46' title='bbox 1482 1193 1497 1215; x_wconf 91' lang='lat'><strong>”</strong></span> 
     </span>
     <span class='ocr_line' id='line_1_7' title="bbox 364 1282 1496 1368; baseline 0.006 -25"><span class='ocrx_word' id='word_1_47' title='bbox 364 1282 533 1365; x_wconf 85' lang='lat' dir='ltr'>significat</span> <span class='ocrx_word' id='word_1_48' title='bbox 547 1284 683 1363; x_wconf 85' lang='lat' dir='ltr'>justum,</span> <span class='ocrx_word' id='word_1_49' title='bbox 700 1286 778 1367; x_wconf 88' lang='lat' dir='ltr'>quia</span> <span class='ocrx_word' id='word_1_50' title='bbox 793 1295 873 1350; x_wconf 87' lang='lat' dir='ltr'>sunt</span> <span class='ocrx_word' id='word_1_51' title='bbox 888 1286 919 1348; x_wconf 87' lang='lat' dir='ltr'>el</span> <span class='ocrx_word' id='word_1_52' title='bbox 935 1294 1079 1367; x_wconf 86' lang='lat' dir='ltr'>quatuor</span> <span class='ocrx_word' id='word_1_53' title='bbox 1094 1284 1211 1361; x_wconf 85' lang='lat' dir='ltr'>latera,</span> <span class='ocrx_word' id='word_1_54' title='bbox 1228 1295 1262 1349; x_wconf 91' lang='lat' dir='ltr'>et</span> <span class='ocrx_word' id='word_1_55' title='bbox 1279 1296 1428 1368; x_wconf 86' lang='lat' dir='ltr'>quatuor</span> <span class='ocrx_word' id='word_1_56' title='bbox 1445 1286 1496 1350; x_wconf 88' lang='lat' dir='ltr'>la-</span> 
     </span>
     <span class='ocr_line' id='line_1_8' title="bbox 364 1374 1498 1463; baseline 0.004 -23"><span class='ocrx_word' id='word_1_57' title='bbox 364 1389 438 1441; x_wconf 90' lang='lat' dir='ltr'>tera</span> <span class='ocrx_word' id='word_1_58' title='bbox 451 1374 606 1460; x_wconf 68' lang='lat' dir='ltr'>speciant</span> <span class='ocrx_word' id='word_1_59' title='bbox 620 1388 764 1461; x_wconf 88' lang='lat' dir='ltr'>quatuor</span> <span class='ocrx_word' id='word_1_60' title='bbox 775 1379 895 1461; x_wconf 86' lang='lat' dir='ltr'>plagas</span> <span class='ocrx_word' id='word_1_61' title='bbox 909 1402 916 1459; x_wconf 91' lang='lat'>;</span> <span class='ocrx_word' id='word_1_62' title='bbox 935 1390 970 1443; x_wconf 90' lang='lat' dir='ltr'>et</span> <span class='ocrx_word' id='word_1_63' title='bbox 983 1380 1169 1463; x_wconf 88' lang='lat' dir='ltr'>aequaliter</span> <span class='ocrx_word' id='word_1_64' title='bbox 1180 1377 1334 1462; x_wconf 77' lang='lat' dir='ltr'>spet&#39;tare</span> <span class='ocrx_word' id='word_1_65' title='bbox 1344 1392 1498 1463; x_wconf 88' lang='lat' dir='ltr'>quatuor</span> 
     </span>
     <span class='ocr_line' id='line_1_9' title="bbox 365 1471 1495 1559; baseline 0.004 -25"><span class='ocrx_word' id='word_1_66' title='bbox 365 1471 496 1553; x_wconf 82' lang='lat' dir='ltr'>plagas,</span> <span class='ocrx_word' id='word_1_67' title='bbox 516 1482 569 1537; x_wconf 90' lang='lat' dir='ltr'>est</span> <span class='ocrx_word' id='word_1_68' title='bbox 589 1494 634 1537; x_wconf 89' lang='lat' dir='ltr'>ex</span> <span class='ocrx_word' id='word_1_69' title='bbox 650 1473 742 1554; x_wconf 90' lang='lat' dir='ltr'>justo</span> <span class='ocrx_word' id='word_1_70' title='bbox 760 1476 893 1537; x_wconf 89' lang='lat' dir='ltr'>omnia:</span> <span class='ocrx_word' id='word_1_71' title='bbox 926 1494 1028 1557; x_wconf 89' lang='lat' dir='ltr'>quare</span> <span class='ocrx_word' id='word_1_72' title='bbox 1047 1484 1116 1537; x_wconf 88' lang='lat' dir='ltr'>tres</span> <span class='ocrx_word' id='word_1_73' title='bbox 1139 1486 1258 1557; x_wconf 90' lang='lat' dir='ltr'>portae</span> <span class='ocrx_word' id='word_1_74' title='bbox 1275 1476 1319 1537; x_wconf 88' lang='lat' dir='ltr'>ab</span> <span class='ocrx_word' id='word_1_75' title='bbox 1338 1496 1495 1559; x_wconf 89' lang='lat' dir='ltr'>unaqua-</span> 
     </span>
     <span class='ocr_line' id='line_1_10' title="bbox 364 1567 1403 1653; baseline 0.004 -24"><span class='ocrx_word' id='word_1_76' title='bbox 364 1567 415 1629; x_wconf 89' lang='lat' dir='ltr'>vis</span> <span class='ocrx_word' id='word_1_77' title='bbox 434 1567 536 1651; x_wconf 83' lang='lat' dir='ltr'>plaga</span> <span class='ocrx_word' id='word_1_78' title='bbox 554 1568 720 1650; x_wconf 88' lang='lat' dir='ltr'>patebant</span> <span class='ocrx_word' id='word_1_79' title='bbox 737 1568 772 1633; x_wconf 90' lang='lat' dir='ltr'>in</span> <span class='ocrx_word' id='word_1_80' title='bbox 791 1568 926 1647; x_wconf 88' lang='lat' dir='ltr'>urbem;</span> <span class='ocrx_word' id='word_1_81' title='bbox 950 1578 985 1632; x_wconf 89' lang='lat' dir='ltr'>et</span> <span class='ocrx_word' id='word_1_82' title='bbox 1004 1570 1125 1633; x_wconf 87' lang='lat' dir='ltr'>dicitur</span> <span class='ocrx_word' id='word_1_83' title='bbox 1143 1569 1232 1651; x_wconf 88' lang='lat' dir='ltr'>apud</span> <span class='ocrx_word' id='word_1_84' title='bbox 1249 1568 1403 1653; x_wconf 77' lang='lat' dir='ltr'>Esajcm,</span> 
     </span>
    </p>
   </div>
   <div class='ocr_carea' id='block_1_3' title="bbox 415 1710 1493 1839">
    <p class='ocr_par' dir='ltr' id='par_1_3' title="bbox 415 1710 1493 1839">
     <span class='ocr_line' id='line_1_11' title="bbox 415 1710 1493 1839; baseline 0.005 -79"><span class='ocrx_word' id='word_1_85' title='bbox 415 1712 433 1734; x_wconf 86' lang='grc'><strong>“</strong></span> <span class='ocrx_word' id='word_1_86' title='bbox 441 1710 552 1839; x_wconf 51' lang='grc' dir='ltr'>Αρεξὲξῗ</span> <span class='ocrx_word' id='word_1_87' title='bbox 564 1720 664 1775; x_wconf 86' lang='lat' dir='ltr'>portas,</span> <span class='ocrx_word' id='word_1_88' title='bbox 678 1721 707 1761; x_wconf 88' lang='lat' dir='ltr'>ut</span> <span class='ocrx_word' id='word_1_89' title='bbox 719 1712 884 1775; x_wconf 73' lang='lat' dir='ltr'>ingrediatur</span> <span class='ocrx_word' id='word_1_90' title='bbox 896 1711 970 1761; x_wconf 83' lang='lat' dir='ltr'>Gens</span> <span class='ocrx_word' id='word_1_91' title='bbox 982 1711 1054 1775; x_wconf 87' lang='lat' dir='ltr'>justa</span> <span class='ocrx_word' id='word_1_92' title='bbox 1065 1712 1218 1763; x_wconf 84' lang='lat' dir='ltr'>custodiens</span> <span class='ocrx_word' id='word_1_93' title='bbox 1230 1712 1371 1763; x_wconf 83' lang='lat' dir='ltr'>fidelitates</span> <span class='ocrx_word' id='word_1_94' title='bbox 1380 1712 1395 1734; x_wconf 79' lang='lat'>&#39;⁹</span> <span class='ocrx_word' id='word_1_95' title='bbox 1403 1712 1493 1778; x_wconf 81' lang='lat' dir='ltr'>(xxvi.</span> 
     </span>
    </p>
   </div>
   <div class='ocr_carea' id='block_1_4' title="bbox 361 1914 1492 2663">
    <p class='ocr_par' dir='ltr' id='par_1_4' title="bbox 361 1914 1492 2663">
     <span class='ocr_line' id='line_1_12' title="bbox 364 1914 1490 1999; baseline 0 -18"><span class='ocrx_word' id='word_1_96' title='bbox 364 1916 485 1981; x_wconf 84' lang='lat' dir='ltr'>“Urbs</span> <span class='ocrx_word' id='word_1_97' title='bbox 508 1914 784 1999; x_wconf 83' lang='lat' dir='ltr'>quadrangularis</span> <span class='ocrx_word' id='word_1_98' title='bbox 806 1917 873 1978; x_wconf 88' lang='lat' dir='ltr'>sita</span> <span class='ocrx_word' id='word_1_99' title='bbox 895 1915 976 1989; x_wconf 88' lang='lat' dir='ltr'>est,”</span> <span class='ocrx_word' id='word_1_100' title='bbox 999 1924 1035 1979; x_wconf 93' lang='lat' dir='ltr'>ut</span> <span class='ocrx_word' id='word_1_101' title='bbox 1066 1914 1247 1997; x_wconf 84' lang='lat' dir='ltr'>longitudo</span> <span class='ocrx_word' id='word_1_102' title='bbox 1269 1926 1305 1980; x_wconf 92' lang='lat' dir='ltr'>et</span> <span class='ocrx_word' id='word_1_103' title='bbox 1335 1914 1490 1981; x_wconf 90' lang='lat' dir='ltr'>latitudo</span> 
     </span>
     <span class='ocr_line' id='line_1_13' title="bbox 362 2010 1489 2093; baseline 0 -18"><span class='ocrx_word' id='word_1_104' title='bbox 362 2010 433 2093; x_wconf 87' lang='lat' dir='ltr'>ejus</span> <span class='ocrx_word' id='word_1_105' title='bbox 454 2021 570 2075; x_wconf 89' lang='lat' dir='ltr'>essent</span> <span class='ocrx_word' id='word_1_106' title='bbox 593 2010 771 2093; x_wconf 88' lang='lat' dir='ltr'>aequales;</span> <span class='ocrx_word' id='word_1_107' title='bbox 804 2020 840 2074; x_wconf 90' lang='lat' dir='ltr'>et</span> <span class='ocrx_word' id='word_1_108' title='bbox 867 2031 925 2093; x_wconf 91' lang='lat' dir='ltr'>per</span> <span class='ocrx_word' id='word_1_109' title='bbox 949 2010 1227 2092; x_wconf 87' lang='lat' dir='ltr'>“longitudinem</span> <span class='ocrx_word' id='word_1_110' title='bbox 1236 2010 1251 2034; x_wconf 93' lang='grc'>”</span> <span class='ocrx_word' id='word_1_111' title='bbox 1274 2010 1489 2093; x_wconf 86' lang='lat' dir='ltr'>significatur</span> 
     </span>
     <span class='ocr_line' id='line_1_14' title="bbox 363 2104 1489 2187; baseline -0.001 -17"><span class='ocrx_word' id='word_1_112' title='bbox 363 2108 489 2170; x_wconf 89' lang='lat' dir='ltr'>bonum</span> <span class='ocrx_word' id='word_1_113' title='bbox 512 2106 601 2169; x_wconf 92' lang='lat' dir='ltr'>illius</span> <span class='ocrx_word' id='word_1_114' title='bbox 624 2104 810 2179; x_wconf 84' lang='lat' dir='ltr'>Ecclesiae,</span> <span class='ocrx_word' id='word_1_115' title='bbox 830 2114 866 2167; x_wconf 91' lang='lat' dir='ltr'>et</span> <span class='ocrx_word' id='word_1_116' title='bbox 889 2124 949 2187; x_wconf 92' lang='lat' dir='ltr'>per</span> <span class='ocrx_word' id='word_1_117' title='bbox 968 2104 1238 2167; x_wconf 83' lang='lat' dir='ltr'>“latitudinem&#39;&#39;</span> <span class='ocrx_word' id='word_1_118' title='bbox 1256 2126 1373 2168; x_wconf 89' lang='lat' dir='ltr'>verum</span> <span class='ocrx_word' id='word_1_119' title='bbox 1393 2106 1489 2187; x_wconf 89' lang='lat' dir='ltr'>ejus;</span> 
     </span>
     <span class='ocr_line' id='line_1_15' title="bbox 362 2198 1492 2283; baseline 0 -19"><span class='ocrx_word' id='word_1_120' title='bbox 362 2211 397 2264; x_wconf 91' lang='lat' dir='ltr'>et</span> <span class='ocrx_word' id='word_1_121' title='bbox 422 2200 557 2283; x_wconf 89' lang='lat' dir='ltr'>quando</span> <span class='ocrx_word' id='word_1_122' title='bbox 583 2200 709 2262; x_wconf 90' lang='lat' dir='ltr'>bonum</span> <span class='ocrx_word' id='word_1_123' title='bbox 735 2209 771 2263; x_wconf 93' lang='lat' dir='ltr'>et</span> <span class='ocrx_word' id='word_1_124' title='bbox 797 2218 913 2261; x_wconf 85' lang='lat' dir='ltr'>verum</span> <span class='ocrx_word' id='word_1_125' title='bbox 941 2198 1093 2281; x_wconf 87' lang='lat' dir='ltr'>aequalia</span> <span class='ocrx_word' id='word_1_126' title='bbox 1118 2208 1208 2273; x_wconf 85' lang='lat' dir='ltr'>sunt,</span> <span class='ocrx_word' id='word_1_127' title='bbox 1232 2208 1313 2263; x_wconf 86' lang='lat' dir='ltr'>tunc</span> <span class='ocrx_word' id='word_1_128' title='bbox 1340 2210 1394 2263; x_wconf 92' lang='lat' dir='ltr'>est</span> <span class='ocrx_word' id='word_1_129' title='bbox 1417 2201 1492 2282; x_wconf 91' lang='lat' dir='ltr'>jus·</span> 
     </span>
     <span class='ocr_line' id='line_1_16' title="bbox 362 2292 1488 2376; baseline 0.001 -18"><span class='ocrx_word' id='word_1_130' title='bbox 362 2305 446 2359; x_wconf 89' lang='lat' dir='ltr'>tum.</span> <span class='ocrx_word' id='word_1_131' title='bbox 491 2294 547 2358; x_wconf 83' lang='lat' dir='ltr'>Ex</span> <span class='ocrx_word' id='word_1_132' title='bbox 570 2294 633 2358; x_wconf 88' lang='lat' dir='ltr'>hac</span> <span class='ocrx_word' id='word_1_133' title='bbox 652 2292 899 2376; x_wconf 84' lang='lat' dir='ltr'>significatione</span> <span class='ocrx_word' id='word_1_134' title='bbox 919 2293 1101 2375; x_wconf 88' lang='lat' dir='ltr'>“quadrati</span> <span class='ocrx_word' id='word_1_135' title='bbox 1110 2292 1125 2317; x_wconf 82' lang='lat'>’⁹</span> <span class='ocrx_word' id='word_1_136' title='bbox 1143 2304 1207 2369; x_wconf 84' lang='lat' dir='ltr'>est,</span> <span class='ocrx_word' id='word_1_137' title='bbox 1227 2294 1315 2375; x_wconf 89' lang='lat' dir='ltr'>quod</span> <span class='ocrx_word' id='word_1_138' title='bbox 1336 2296 1369 2357; x_wconf 89' lang='lat' dir='ltr'>in</span> <span class='ocrx_word' id='word_1_139' title='bbox 1389 2315 1488 2359; x_wconf 92' lang='lat' dir='ltr'>com·</span> 
     </span>
     <span class='ocr_line' id='line_1_17' title="bbox 362 2386 1487 2471; baseline 0.002 -19"><span class='ocrx_word' id='word_1_140' title='bbox 362 2392 454 2453; x_wconf 89' lang='lat' dir='ltr'>muni</span> <span class='ocrx_word' id='word_1_141' title='bbox 472 2409 627 2453; x_wconf 87' lang='lat' dir='ltr'>sermone</span> <span class='ocrx_word' id='word_1_142' title='bbox 646 2389 776 2452; x_wconf 87' lang='lat' dir='ltr'>dicatur</span> <span class='ocrx_word' id='word_1_143' title='bbox 795 2389 844 2451; x_wconf 90' lang='lat' dir='ltr'>vir</span> <span class='ocrx_word' id='word_1_144' title='bbox 864 2386 1105 2470; x_wconf 65' lang='lat' dir='ltr'>“quadratus&#39;&#39;</span> <span class='ocrx_word' id='word_1_145' title='bbox 1124 2388 1179 2469; x_wconf 92' lang='lat' dir='ltr'>qui</span> <span class='ocrx_word' id='word_1_146' title='bbox 1200 2398 1253 2450; x_wconf 89' lang='lat' dir='ltr'>est</span> <span class='ocrx_word' id='word_1_147' title='bbox 1271 2390 1321 2450; x_wconf 91' lang='lat' dir='ltr'>vir</span> <span class='ocrx_word' id='word_1_148' title='bbox 1339 2390 1395 2471; x_wconf 92' lang='lat' dir='ltr'>qul</span> <span class='ocrx_word' id='word_1_149' title='bbox 1415 2410 1487 2454; x_wconf 90' lang='lat' dir='ltr'>non</span> 
     </span>
     <span class='ocr_line' id='line_1_18' title="bbox 361 2480 1487 2564; baseline -0.001 -16"><span class='ocrx_word' id='word_1_150' title='bbox 361 2485 405 2549; x_wconf 90' lang='lat' dir='ltr'>ad</span> <span class='ocrx_word' id='word_1_151' title='bbox 435 2486 522 2548; x_wconf 87' lang='lat' dir='ltr'>hanc</span> <span class='ocrx_word' id='word_1_152' title='bbox 550 2483 603 2547; x_wconf 90' lang='lat' dir='ltr'>vel</span> <span class='ocrx_word' id='word_1_153' title='bbox 633 2485 676 2546; x_wconf 92' lang='lat' dir='ltr'>ad</span> <span class='ocrx_word' id='word_1_154' title='bbox 706 2482 798 2546; x_wconf 91' lang='lat' dir='ltr'>illam</span> <span class='ocrx_word' id='word_1_155' title='bbox 821 2492 952 2564; x_wconf 89' lang='lat' dir='ltr'>partem</span> <span class='ocrx_word' id='word_1_156' title='bbox 976 2481 1124 2546; x_wconf 90' lang='lat' dir='ltr'>declinat</span> <span class='ocrx_word' id='word_1_157' title='bbox 1146 2502 1191 2544; x_wconf 88' lang='lat' dir='ltr'>ex</span> <span class='ocrx_word' id='word_1_158' title='bbox 1214 2480 1348 2562; x_wconf 89' lang='lat' dir='ltr'>injusto.</span> <span class='ocrx_word' id='word_1_159' title='bbox 1393 2480 1487 2563; x_wconf 82' lang='lat' dir='ltr'><strong>Quia</strong></span> 
     </span>
     <span class='ocr_line' id='line_1_19' title="bbox 362 2575 1050 2663; baseline -0.006 -21"><span class='ocrx_word' id='word_1_160' title='bbox 362 2579 591 2663; x_wconf 89' lang='lat' dir='ltr'>“quadratum</span> <span class='ocrx_word' id='word_1_161' title='bbox 600 2577 615 2602; x_wconf 91' lang='lat'><strong>”</strong></span> <span class='ocrx_word' id='word_1_162' title='bbox 633 2575 801 2659; x_wconf 86' lang='lat' dir='ltr'>significat</span> <span class='ocrx_word' id='word_1_163' title='bbox 815 2576 954 2658; x_wconf 84' lang='lat' dir='ltr'>justum,</span> <span class='ocrx_word' id='word_1_164' title='bbox 974 2575 1050 2639; x_wconf 89' lang='lat' dir='ltr'>ideo</span> 
     </span>
    </p>
   </div>
   <div class='ocr_carea' id='block_1_5' title="bbox 408 2722 1485 3180">
    <p class='ocr_par' dir='ltr' id='par_1_5' title="bbox 409 2722 1484 2853">
     <span class='ocr_line' id='line_1_20' title="bbox 409 2722 1484 2789; baseline 0.001 -14"><span class='ocrx_word' id='word_1_165' title='bbox 409 2725 503 2775; x_wconf 76' lang='lat' dir='ltr'>Altare</span> <span class='ocrx_word' id='word_1_166' title='bbox 520 2723 669 2774; x_wconf 77' lang='lat' dir='ltr'>holocausti</span> <span class='ocrx_word' id='word_1_167' title='bbox 685 2722 743 2786; x_wconf 90' lang='lat' dir='ltr'>(per</span> <span class='ocrx_word' id='word_1_168' title='bbox 760 2723 831 2789; x_wconf 86' lang='lat' dir='ltr'>quod</span> <span class='ocrx_word' id='word_1_169' title='bbox 842 2722 1041 2786; x_wconf 78' lang='lat' dir='ltr'>signlficabatur</span> <span class='ocrx_word' id='word_1_170' title='bbox 1053 2722 1139 2772; x_wconf 81' lang='lat' dir='ltr'>cultus</span> <span class='ocrx_word' id='word_1_171' title='bbox 1155 2737 1190 2772; x_wconf 82' lang='lat' dir='ltr'>ex</span> <span class='ocrx_word' id='word_1_172' title='bbox 1206 2723 1279 2774; x_wconf 89' lang='lat' dir='ltr'>bono</span> <span class='ocrx_word' id='word_1_173' title='bbox 1296 2733 1323 2773; x_wconf 91' lang='lat' dir='ltr'>et</span> <span class='ocrx_word' id='word_1_174' title='bbox 1340 2724 1404 2774; x_wconf 88' lang='lat' dir='ltr'>inde</span> <span class='ocrx_word' id='word_1_175' title='bbox 1415 2740 1484 2776; x_wconf 82' lang='lat' dir='ltr'>vero</span> 
     </span>
     <span class='ocr_line' id='line_1_21' title="bbox 491 2785 1114 2853; baseline -0.003 -13"><span class='ocrx_word' id='word_1_176' title='bbox 491 2790 609 2852; x_wconf 85' lang='lat' dir='ltr'>caelesti)</span> <span class='ocrx_word' id='word_1_177' title='bbox 620 2799 677 2838; x_wconf 87' lang='lat' dir='ltr'>erat</span> <span class='ocrx_word' id='word_1_178' title='bbox 688 2791 847 2853; x_wconf 87' lang='lat' dir='ltr'>quadratum</span> <span class='ocrx_word' id='word_1_179' title='bbox 858 2789 951 2848; x_wconf 82' lang='lat' dir='ltr'>(Exod.</span> <span class='ocrx_word' id='word_1_180' title='bbox 964 2785 1063 2838; x_wconf 68' lang='lat' dir='ltr'>xxvlilfl</span> <span class='ocrx_word' id='word_1_181' title='bbox 1075 2789 1114 2848; x_wconf 87' lang='lat'>1);</span> 
     </span>
    </p>

    <p class='ocr_par' dir='ltr' id='par_1_6' title="bbox 409 2853 1485 2984">
     <span class='ocr_line' id='line_1_22' title="bbox 409 2853 1485 2918; baseline 0.001 -13"><span class='ocrx_word' id='word_1_182' title='bbox 409 2855 478 2905; x_wconf 86' lang='lat' dir='ltr'>Tum</span> <span class='ocrx_word' id='word_1_183' title='bbox 491 2855 583 2904; x_wconf 82' lang='lat' dir='ltr'>Altare</span> <span class='ocrx_word' id='word_1_184' title='bbox 594 2855 698 2904; x_wconf 82' lang='lat' dir='ltr'>suffitus</span> <span class='ocrx_word' id='word_1_185' title='bbox 709 2855 767 2918; x_wconf 88' lang='lat' dir='ltr'>(per</span> <span class='ocrx_word' id='word_1_186' title='bbox 778 2855 849 2918; x_wconf 85' lang='lat' dir='ltr'>quod</span> <span class='ocrx_word' id='word_1_187' title='bbox 861 2853 1061 2916; x_wconf 86' lang='lat' dir='ltr'>significabatur</span> <span class='ocrx_word' id='word_1_188' title='bbox 1071 2855 1157 2903; x_wconf 80' lang='lat' dir='ltr'>cultus</span> <span class='ocrx_word' id='word_1_189' title='bbox 1169 2869 1203 2902; x_wconf 82' lang='lat' dir='ltr'>ex</span> <span class='ocrx_word' id='word_1_190' title='bbox 1214 2855 1287 2903; x_wconf 91' lang='lat' dir='ltr'>bono</span> <span class='ocrx_word' id='word_1_191' title='bbox 1298 2863 1326 2904; x_wconf 88' lang='lat' dir='ltr'>et</span> <span class='ocrx_word' id='word_1_192' title='bbox 1340 2855 1403 2904; x_wconf 86' lang='lat' dir='ltr'>inde</span> <span class='ocrx_word' id='word_1_193' title='bbox 1415 2870 1485 2906; x_wconf 80' lang='lat' dir='ltr'>vero</span> 
     </span>
     <span class='ocr_line' id='line_1_23' title="bbox 491 2916 1261 2984; baseline -0.001 -15"><span class='ocrx_word' id='word_1_194' title='bbox 491 2921 632 2983; x_wconf 80' lang='lat' dir='ltr'>spirituali)</span> <span class='ocrx_word' id='word_1_195' title='bbox 643 2922 723 2969; x_wconf 86' lang='lat' dir='ltr'>etiarn</span> <span class='ocrx_word' id='word_1_196' title='bbox 736 2930 793 2970; x_wconf 92' lang='lat' dir='ltr'>erat</span> <span class='ocrx_word' id='word_1_197' title='bbox 805 2920 963 2984; x_wconf 84' lang='lat' dir='ltr'>quadratum</span> <span class='ocrx_word' id='word_1_198' title='bbox 975 2920 1068 2980; x_wconf 62' lang='grc' dir='ltr'>(ΕΜ.</span> <span class='ocrx_word' id='word_1_199' title='bbox 1080 2933 1142 2968; x_wconf 80' lang='lat' dir='ltr'>xxx.</span> <span class='ocrx_word' id='word_1_200' title='bbox 1157 2931 1179 2977; x_wconf 78' lang='grc' dir='ltr'>ι,</span> <span class='ocrx_word' id='word_1_201' title='bbox 1191 2916 1245 2981; x_wconf 74' lang='lat'>21⁸1)</span> <span class='ocrx_word' id='word_1_202' title='bbox 1255 2933 1261 2978; x_wconf 88' lang='lat'><strong>;</strong></span> 
     </span>
    </p>

    <p class='ocr_par' dir='ltr' id='par_1_7' title="bbox 410 2983 1484 3115">
     <span class='ocr_line' id='line_1_24' title="bbox 410 2983 1484 3052; baseline 0.003 -17"><span class='ocrx_word' id='word_1_203' title='bbox 410 2985 444 3038; x_wconf 83' lang='lat' dir='ltr'>lit</span> <span class='ocrx_word' id='word_1_204' title='bbox 455 3001 559 3049; x_wconf 87' lang='lat' dir='ltr'>quoqne</span> <span class='ocrx_word' id='word_1_205' title='bbox 573 2983 712 3036; x_wconf 65' lang='lat' dir='ltr'>Pectorale</span> <span class='ocrx_word' id='word_1_206' title='bbox 723 2985 822 3048; x_wconf 83' lang='lat' dir='ltr'>judicil,</span> <span class='ocrx_word' id='word_1_207' title='bbox 837 2987 863 3035; x_wconf 91' lang='lat' dir='ltr'>in</span> <span class='ocrx_word' id='word_1_208' title='bbox 882 3001 936 3050; x_wconf 84' lang='lat' dir='ltr'>quo</span> <span class='ocrx_word' id='word_1_209' title='bbox 947 2995 1004 3034; x_wconf 84' lang='lat' dir='ltr'>erat</span> <span class='ocrx_word' id='word_1_210' title='bbox 1018 2983 1094 3034; x_wconf 89' lang='lat' dir='ltr'>Urim</span> <span class='ocrx_word' id='word_1_211' title='bbox 1106 2994 1134 3034; x_wconf 92' lang='lat' dir='ltr'>et</span> <span class='ocrx_word' id='word_1_212' title='bbox 1151 2985 1315 3041; x_wconf 85' lang='lat' dir='ltr'>Thummim,</span> <span class='ocrx_word' id='word_1_213' title='bbox 1329 2989 1484 3052; x_wconf 74' lang='lat' dir='ltr'>erasquad·</span> 
     </span>
     <span class='ocr_line' id='line_1_25' title="bbox 491 3047 1318 3115; baseline 0.002 -16"><span class='ocrx_word' id='word_1_214' title='bbox 491 3062 576 3100; x_wconf 86' lang='lat' dir='ltr'>ratum</span> <span class='ocrx_word' id='word_1_215' title='bbox 588 3052 751 3114; x_wconf 83' lang='lat' dir='ltr'>duplicatum</span> <span class='ocrx_word' id='word_1_216' title='bbox 762 3051 855 3114; x_wconf 81' lang='lat' dir='ltr'>(Exod.</span> <span class='ocrx_word' id='word_1_217' title='bbox 868 3049 959 3100; x_wconf 82' lang='lat' dir='ltr'>xxviii.</span> <span class='ocrx_word' id='word_1_218' title='bbox 973 3047 1024 3115; x_wconf 82' lang='lat'>15[‚</span> <span class='ocrx_word' id='word_1_219' title='bbox 1037 3050 1083 3110; x_wconf 81' lang='lat' dir='ltr'>ro;</span> <span class='ocrx_word' id='word_1_220' title='bbox 1100 3064 1157 3113; x_wconf 87' lang='lat' dir='ltr'>cap.</span> <span class='ocrx_word' id='word_1_221' title='bbox 1169 3051 1259 3100; x_wconf 81' lang='lat' dir='ltr'>xxxix.</span> <span class='ocrx_word' id='word_1_222' title='bbox 1271 3047 1318 3114; x_wconf 81' lang='lat' dir='ltr'>o]).</span> 
     </span>
    </p>

    <p class='ocr_par' dir='ltr' id='par_1_8' title="bbox 408 3115 615 3180">
     <span class='ocr_line' id='line_1_26' title="bbox 408 3115 615 3180; baseline 0 -14"><span class='ocrx_word' id='word_1_223' title='bbox 408 3115 530 3180; x_wconf 75' lang='lat' dir='ltr'>(Praeter</span> <span class='ocrx_word' id='word_1_224' title='bbox 541 3116 615 3179; x_wconf 85' lang='lat' dir='ltr'>alia.)</span> 
     </span>
    </p>
   </div>
   <div class='ocr_carea' id='block_1_6' title="bbox 308 3262 1482 4660">
    <p class='ocr_par' dir='ltr' id='par_1_9' title="bbox 308 3262 1482 4660">
     <span class='ocr_line' id='line_1_27' title="bbox 418 3262 1482 3349; baseline -0.001 -19"><span class='ocrx_word' id='word_1_225' title='bbox 418 3267 526 3347; x_wconf 80' lang='lat'><strong>9⁰6.</strong></span> <span class='ocrx_word' id='word_1_226' title='bbox 554 3265 744 3349; x_wconf 65' lang='lat' dir='ltr'>“longitudo</span> <span class='ocrx_word' id='word_1_227' title='bbox 763 3265 830 3348; x_wconf 81' lang='lat' dir='ltr'>ejus</span> <span class='ocrx_word' id='word_1_228' title='bbox 845 3270 931 3327; x_wconf 82' lang='lat' dir='ltr'>tanta</span> <span class='ocrx_word' id='word_1_229' title='bbox 946 3270 998 3327; x_wconf 80' lang='lat' dir='ltr'>sat</span> <span class='ocrx_word' id='word_1_230' title='bbox 1015 3268 1130 3345; x_wconf 75' lang='lat' dir='ltr'>quanta</span> <span class='ocrx_word' id='word_1_231' title='bbox 1143 3268 1179 3327; x_wconf 81' lang='lat' dir='ltr'>ai</span> <span class='ocrx_word' id='word_1_232' title='bbox 1196 3262 1359 3336; x_wconf 71' lang='lat' dir='ltr'>lentulo,&#39;&#39;</span> <span class='ocrx_word' id='word_1_233' title='bbox 1373 3266 1482 3346; x_wconf 88' lang='lat' dir='ltr'>signi·</span> 
     </span>
     <span class='ocr_line' id='line_1_28' title="bbox 358 3354 1482 3440; baseline 0 -20"><span class='ocrx_word' id='word_1_234' title='bbox 358 3357 438 3422; x_wconf 88' lang='lat' dir='ltr'>ficat</span> <span class='ocrx_word' id='word_1_235' title='bbox 461 3357 551 3440; x_wconf 87' lang='lat' dir='ltr'>quod</span> <span class='ocrx_word' id='word_1_236' title='bbox 572 3357 689 3421; x_wconf 83' lang='lat' dir='ltr'>bonum</span> <span class='ocrx_word' id='word_1_237' title='bbox 713 3367 745 3420; x_wconf 84' lang='lat' dir='ltr'>et</span> <span class='ocrx_word' id='word_1_238' title='bbox 769 3357 893 3420; x_wconf 82' lang='lat' dir='ltr'>verum&#39;</span> <span class='ocrx_word' id='word_1_239' title='bbox 909 3357 944 3419; x_wconf 84' lang='lat' dir='ltr'>in</span> <span class='ocrx_word' id='word_1_240' title='bbox 970 3355 1031 3419; x_wconf 81' lang='lat' dir='ltr'>illa</span> <span class='ocrx_word' id='word_1_241' title='bbox 1054 3354 1201 3419; x_wconf 84' lang='lat' dir='ltr'>Ecclesia</span> <span class='ocrx_word' id='word_1_242' title='bbox 1226 3377 1325 3418; x_wconf 83' lang='lat' dir='ltr'>unum</span> <span class='ocrx_word' id='word_1_243' title='bbox 1342 3357 1482 3436; x_wconf 72' lang='lat' dir='ltr'>sact&#39;crnt</span> 
     </span>
     <span class='ocr_line' id='line_1_29' title="bbox 358 3449 1478 3532; baseline -0.003 -15"><span class='ocrx_word' id='word_1_244' title='bbox 358 3452 443 3517; x_wconf 75' lang='lat' dir='ltr'>sicut</span> <span class='ocrx_word' id='word_1_245' title='bbox 462 3451 604 3516; x_wconf 83' lang='lat' dir='ltr'>essentia</span> <span class='ocrx_word' id='word_1_246' title='bbox 621 3464 653 3516; x_wconf 84' lang='lat' dir='ltr'>et</span> <span class='ocrx_word' id='word_1_247' title='bbox 664 3451 901 3532; x_wconf 73' lang='lat' dir='ltr'>forma-Per</span> <span class='ocrx_word' id='word_1_248' title='bbox 921 3456 939 3483; x_wconf 84' lang='lat'>‘⁴</span> <span class='ocrx_word' id='word_1_249' title='bbox 952 3449 1198 3531; x_wconf 85' lang='lat' dir='ltr'>longitudinem</span> <span class='ocrx_word' id='word_1_250' title='bbox 1207 3449 1222 3474; x_wconf 90' lang='lat'><strong>”</strong></span> <span class='ocrx_word' id='word_1_251' title='bbox 1240 3451 1329 3512; x_wconf 88' lang='lat' dir='ltr'>urbis</span> <span class='ocrx_word' id='word_1_252' title='bbox 1354 3449 1478 3515; x_wconf 90' lang='lat' dir='ltr'>Hiero·</span> 
     </span>
     <span class='ocr_line' id='line_1_30' title="bbox 358 3543 1479 3628; baseline -0.004 -18"><span class='ocrx_word' id='word_1_253' title='bbox 358 3547 509 3628; x_wconf 89' lang='lat' dir='ltr'>solymae</span> <span class='ocrx_word' id='word_1_254' title='bbox 525 3546 730 3628; x_wconf 84' lang='lat' dir='ltr'>significatur</span> <span class='ocrx_word' id='word_1_255' title='bbox 745 3547 870 3609; x_wconf 90' lang='lat' dir='ltr'>bonum</span> <span class='ocrx_word' id='word_1_256' title='bbox 885 3543 1069 3616; x_wconf 85' lang='lat' dir='ltr'>Ecclesiae,</span> <span class='ocrx_word' id='word_1_257' title='bbox 1083 3554 1117 3608; x_wconf 90' lang='lat' dir='ltr'>et</span> <span class='ocrx_word' id='word_1_258' title='bbox 1134 3564 1193 3626; x_wconf 89' lang='lat' dir='ltr'>per</span> <span class='ocrx_word' id='word_1_259' title='bbox 1206 3549 1225 3576; x_wconf 90' lang='lat'>“</span> <span class='ocrx_word' id='word_1_260' title='bbox 1237 3543 1452 3607; x_wconf 90' lang='lat' dir='ltr'>latitudinem</span> <span class='ocrx_word' id='word_1_261' title='bbox 1463 3545 1479 3569; x_wconf 91' lang='lat'><strong>”</strong></span> 
     </span>
     <span class='ocr_line' id='line_1_31' title="bbox 357 3637 1478 3722; baseline -0.004 -18"><span class='ocrx_word' id='word_1_262' title='bbox 357 3641 427 3721; x_wconf 87' lang='lat' dir='ltr'>ejus</span> <span class='ocrx_word' id='word_1_263' title='bbox 446 3639 652 3722; x_wconf 85' lang='lat' dir='ltr'>significatur</span> <span class='ocrx_word' id='word_1_264' title='bbox 667 3660 782 3704; x_wconf 87' lang='lat' dir='ltr'>verum</span> <span class='ocrx_word' id='word_1_265' title='bbox 803 3639 997 3715; x_wconf 89' lang='lat' dir='ltr'>Ecclesiae;</span> <span class='ocrx_word' id='word_1_266' title='bbox 1022 3638 1111 3720; x_wconf 89' lang='lat' dir='ltr'>quod</span> <span class='ocrx_word' id='word_1_267' title='bbox 1131 3658 1190 3719; x_wconf 90' lang='lat' dir='ltr'>per</span> <span class='ocrx_word' id='word_1_268' title='bbox 1206 3637 1452 3700; x_wconf 83' lang='lat' dir='ltr'>“latitudinem</span> <span class='ocrx_word' id='word_1_269' title='bbox 1462 3638 1478 3663; x_wconf 90' lang='lat'><strong>”</strong></span> 
     </span>
     <span class='ocr_line' id='line_1_32' title="bbox 357 3730 1475 3816; baseline -0.002 -19"><span class='ocrx_word' id='word_1_270' title='bbox 357 3734 564 3816; x_wconf 85' lang='lat' dir='ltr'>significetur</span> <span class='ocrx_word' id='word_1_271' title='bbox 581 3754 707 3807; x_wconf 89' lang='lat' dir='ltr'>verum,</span> <span class='ocrx_word' id='word_1_272' title='bbox 726 3753 827 3815; x_wconf 86' lang='lat' dir='ltr'>supra</span> <span class='ocrx_word' id='word_1_273' title='bbox 846 3732 894 3815; x_wconf 88' lang='lat' dir='ltr'>(n.</span> <span class='ocrx_word' id='word_1_274' title='bbox 913 3732 989 3814; x_wconf 88' lang='lat'>861)</span> <span class='ocrx_word' id='word_1_275' title='bbox 1009 3753 1055 3795; x_wconf 89' lang='lat' dir='ltr'>ex</span> <span class='ocrx_word' id='word_1_276' title='bbox 1074 3730 1190 3795; x_wconf 90' lang='lat' dir='ltr'>Verbo</span> <span class='ocrx_word' id='word_1_277' title='bbox 1213 3741 1387 3796; x_wconf 87' lang='lat' dir='ltr'>ostensum</span> <span class='ocrx_word' id='word_1_278' title='bbox 1410 3743 1475 3795; x_wconf 89' lang='lat' dir='ltr'>est.</span> 
     </span>
     <span class='ocr_line' id='line_1_33' title="bbox 308 3825 1476 3910; baseline -0.002 -19"><span class='ocrx_word' id='word_1_279' title='bbox 308 3888 313 3900; x_wconf 83' lang='grc'>,</span> <span class='ocrx_word' id='word_1_280' title='bbox 358 3827 459 3909; x_wconf 84' lang='lat' dir='ltr'>Quod</span> <span class='ocrx_word' id='word_1_281' title='bbox 483 3849 543 3910; x_wconf 87' lang='lat' dir='ltr'>per</span> <span class='ocrx_word' id='word_1_282' title='bbox 566 3828 840 3910; x_wconf 86' lang='lat' dir='ltr'>“longitudinem</span> <span class='ocrx_word' id='word_1_283' title='bbox 850 3826 865 3852; x_wconf 73' lang='lat'>’³</span> <span class='ocrx_word' id='word_1_284' title='bbox 888 3825 1093 3908; x_wconf 84' lang='lat' dir='ltr'>significetur</span> <span class='ocrx_word' id='word_1_285' title='bbox 1115 3825 1251 3899; x_wconf 86' lang='lat' dir='ltr'>bonum,</span> <span class='ocrx_word' id='word_1_286' title='bbox 1271 3825 1324 3888; x_wconf 93' lang='lat' dir='ltr'>hic</span> <span class='ocrx_word' id='word_1_287' title='bbox 1348 3825 1476 3889; x_wconf 89' lang='lat' dir='ltr'>bonum</span> 
     </span>
     <span class='ocr_line' id='line_1_34' title="bbox 357 3917 1476 4003; baseline 0.001 -20"><span class='ocrx_word' id='word_1_288' title='bbox 357 3921 542 3994; x_wconf 83' lang='lat' dir='ltr'>Ecclesiae,</span> <span class='ocrx_word' id='word_1_289' title='bbox 559 3932 612 3984; x_wconf 93' lang='lat' dir='ltr'>est</span> <span class='ocrx_word' id='word_1_290' title='bbox 631 3942 674 3984; x_wconf 83' lang='lat' dir='ltr'>ex</span> <span class='ocrx_word' id='word_1_291' title='bbox 695 3922 814 3984; x_wconf 89' lang='lat' dir='ltr'>eadem</span> <span class='ocrx_word' id='word_1_292' title='bbox 830 3941 931 3984; x_wconf 89' lang='lat' dir='ltr'>causa</span> <span class='ocrx_word' id='word_1_293' title='bbox 949 3941 992 3984; x_wconf 83' lang='lat' dir='ltr'>ex</span> <span class='ocrx_word' id='word_1_294' title='bbox 1009 3941 1074 4003; x_wconf 89' lang='lat' dir='ltr'>qua</span> <span class='ocrx_word' id='word_1_295' title='bbox 1094 3919 1290 3983; x_wconf 84' lang='lat' dir='ltr'>“latitudo’&#39;</span> <span class='ocrx_word' id='word_1_296' title='bbox 1306 3917 1476 4001; x_wconf 84' lang='lat' dir='ltr'>significat</span> 
     </span>
     <span class='ocr_line' id='line_1_35' title="bbox 356 4013 1475 4099; baseline 0 -22"><span class='ocrx_word' id='word_1_297' title='bbox 356 4035 471 4078; x_wconf 89' lang='lat' dir='ltr'>verum</span> <span class='ocrx_word' id='word_1_298' title='bbox 483 4036 491 4093; x_wconf 93' lang='lat'>;</span> <span class='ocrx_word' id='word_1_299' title='bbox 523 4024 704 4091; x_wconf 86' lang='lat' dir='ltr'>causaest,</span> <span class='ocrx_word' id='word_1_300' title='bbox 724 4018 801 4099; x_wconf 91' lang='lat' dir='ltr'>quia</span> <span class='ocrx_word' id='word_1_301' title='bbox 823 4017 980 4079; x_wconf 88' lang='lat' dir='ltr'>extensio</span> <span class='ocrx_word' id='word_1_302' title='bbox 999 4013 1092 4079; x_wconf 89' lang='lat' dir='ltr'>Caeli</span> <span class='ocrx_word' id='word_1_303' title='bbox 1114 4016 1157 4077; x_wconf 93' lang='lat' dir='ltr'>ab</span> <span class='ocrx_word' id='word_1_304' title='bbox 1175 4016 1304 4078; x_wconf 88' lang='lat' dir='ltr'>oriente</span> <span class='ocrx_word' id='word_1_305' title='bbox 1328 4016 1361 4077; x_wconf 94' lang='lat' dir='ltr'>in</span> <span class='ocrx_word' id='word_1_306' title='bbox 1384 4015 1475 4077; x_wconf 89' lang='lat' dir='ltr'>occl-</span> 
     </span>
     <span class='ocr_line' id='line_1_36' title="bbox 356 4107 1474 4192; baseline -0.001 -21"><span class='ocrx_word' id='word_1_307' title='bbox 356 4110 495 4172; x_wconf 89' lang='lat' dir='ltr'>dentem</span> <span class='ocrx_word' id='word_1_308' title='bbox 518 4109 716 4190; x_wconf 85' lang='lat' dir='ltr'>intelligitur</span> <span class='ocrx_word' id='word_1_309' title='bbox 739 4130 797 4192; x_wconf 90' lang='lat' dir='ltr'>per</span> <span class='ocrx_word' id='word_1_310' title='bbox 817 4108 1121 4192; x_wconf 73' lang='lat' dir='ltr'>“longitudinem’&#39;</span> <span class='ocrx_word' id='word_1_311' title='bbox 1140 4119 1175 4172; x_wconf 89' lang='lat' dir='ltr'>et</span> <span class='ocrx_word' id='word_1_312' title='bbox 1198 4109 1357 4172; x_wconf 89' lang='lat' dir='ltr'>extensio</span> <span class='ocrx_word' id='word_1_313' title='bbox 1380 4107 1474 4172; x_wconf 89' lang='lat' dir='ltr'>Caeli</span> 
     </span>
     <span class='ocr_line' id='line_1_37' title="bbox 355 4201 1475 4285; baseline 0 -21"><span class='ocrx_word' id='word_1_314' title='bbox 355 4223 376 4264; x_wconf 91' lang='lat' dir='ltr'>a</span> <span class='ocrx_word' id='word_1_315' title='bbox 395 4203 531 4266; x_wconf 91' lang='lat' dir='ltr'>meridie</span> <span class='ocrx_word' id='word_1_316' title='bbox 554 4204 587 4265; x_wconf 92' lang='lat' dir='ltr'>in</span> <span class='ocrx_word' id='word_1_317' title='bbox 610 4205 876 4285; x_wconf 88' lang='lat' dir='ltr'>septentrionem</span> <span class='ocrx_word' id='word_1_318' title='bbox 895 4202 1092 4284; x_wconf 85' lang='lat' dir='ltr'>intelligitur</span> <span class='ocrx_word' id='word_1_319' title='bbox 1111 4223 1170 4285; x_wconf 86' lang='lat' dir='ltr'>per</span> <span class='ocrx_word' id='word_1_320' title='bbox 1190 4201 1435 4265; x_wconf 89' lang='lat' dir='ltr'>“latitudinem</span> <span class='ocrx_word' id='word_1_321' title='bbox 1448 4201 1475 4278; x_wconf 85' lang='lat'>;&#39;&#39;</span> 
     </span>
     <span class='ocr_line' id='line_1_38' title="bbox 355 4295 1472 4378; baseline -0.001 -19"><span class='ocrx_word' id='word_1_322' title='bbox 355 4307 391 4359; x_wconf 90' lang='lat' dir='ltr'>et</span> <span class='ocrx_word' id='word_1_323' title='bbox 406 4297 519 4377; x_wconf 83' lang='lat' dir='ltr'>angeli</span> <span class='ocrx_word' id='word_1_324' title='bbox 535 4299 590 4378; x_wconf 91' lang='lat' dir='ltr'>qui</span> <span class='ocrx_word' id='word_1_325' title='bbox 607 4298 640 4360; x_wconf 92' lang='lat' dir='ltr'>in</span> <span class='ocrx_word' id='word_1_326' title='bbox 656 4298 785 4361; x_wconf 90' lang='lat' dir='ltr'>oriente</span> <span class='ocrx_word' id='word_1_327' title='bbox 800 4308 835 4361; x_wconf 93' lang='lat' dir='ltr'>et</span> <span class='ocrx_word' id='word_1_328' title='bbox 855 4298 1032 4360; x_wconf 88' lang='lat' dir='ltr'>occidente</span> <span class='ocrx_word' id='word_1_329' title='bbox 1048 4295 1141 4360; x_wconf 88' lang='lat' dir='ltr'>Caeli</span> <span class='ocrx_word' id='word_1_330' title='bbox 1160 4295 1315 4359; x_wconf 90' lang='lat' dir='ltr'>habitant</span> <span class='ocrx_word' id='word_1_331' title='bbox 1332 4297 1366 4358; x_wconf 89' lang='lat' dir='ltr'>in</span> <span class='ocrx_word' id='word_1_332' title='bbox 1382 4296 1472 4358; x_wconf 90' lang='lat' dir='ltr'>bono</span> 
     </span>
     <span class='ocr_line' id='line_1_39' title="bbox 355 4389 1470 4473; baseline -0.001 -21"><span class='ocrx_word' id='word_1_333' title='bbox 355 4391 479 4453; x_wconf 90' lang='lat' dir='ltr'>amoris</span> <span class='ocrx_word' id='word_1_334' title='bbox 497 4400 587 4464; x_wconf 85' lang='lat' dir='ltr'>sunt,</span> <span class='ocrx_word' id='word_1_335' title='bbox 606 4401 641 4454; x_wconf 91' lang='lat' dir='ltr'>et</span> <span class='ocrx_word' id='word_1_336' title='bbox 660 4391 773 4472; x_wconf 86' lang='lat' dir='ltr'>angeli</span> <span class='ocrx_word' id='word_1_337' title='bbox 790 4393 845 4473; x_wconf 89' lang='lat' dir='ltr'>qui</span> <span class='ocrx_word' id='word_1_338' title='bbox 865 4393 900 4454; x_wconf 90' lang='lat' dir='ltr'>in</span> <span class='ocrx_word' id='word_1_339' title='bbox 918 4390 1055 4454; x_wconf 88' lang='lat' dir='ltr'>meridie</span> <span class='ocrx_word' id='word_1_340' title='bbox 1073 4399 1109 4453; x_wconf 92' lang='lat' dir='ltr'>et</span> <span class='ocrx_word' id='word_1_341' title='bbox 1128 4389 1359 4471; x_wconf 89' lang='lat' dir='ltr'>septentrione</span> <span class='ocrx_word' id='word_1_342' title='bbox 1379 4389 1470 4454; x_wconf 89' lang='lat' dir='ltr'>Caeli</span> 
     </span>
     <span class='ocr_line' id='line_1_40' title="bbox 355 4481 1473 4570; baseline -0.002 -22"><span class='ocrx_word' id='word_1_343' title='bbox 355 4487 389 4548; x_wconf 89' lang='lat' dir='ltr'>in</span> <span class='ocrx_word' id='word_1_344' title='bbox 414 4487 502 4561; x_wconf 80' lang='lat' dir='ltr'>veris</span> <span class='ocrx_word' id='word_1_345' title='bbox 526 4486 711 4570; x_wconf 81' lang='lat' dir='ltr'>sapientiae</span> <span class='ocrx_word' id='word_1_346' title='bbox 738 4495 816 4549; x_wconf 89' lang='lat' dir='ltr'>sunt</span> <span class='ocrx_word' id='word_1_347' title='bbox 842 4483 1011 4566; x_wconf 88' lang='lat' dir='ltr'>(videatur</span> <span class='ocrx_word' id='word_1_348' title='bbox 1036 4503 1145 4566; x_wconf 85' lang='lat' dir='ltr'>supra,</span> <span class='ocrx_word' id='word_1_349' title='bbox 1171 4504 1202 4546; x_wconf 88' lang='lat' dir='ltr'>n.</span> <span class='ocrx_word' id='word_1_350' title='bbox 1225 4482 1314 4564; x_wconf 89' lang='lat'>901).</span> <span class='ocrx_word' id='word_1_351' title='bbox 1360 4481 1473 4547; x_wconf 90' lang='lat' dir='ltr'>Simile</span> 
     </span>
     <span class='ocr_line' id='line_1_41' title="bbox 356 4577 1473 4660; baseline -0.004 -17"><span class='ocrx_word' id='word_1_352' title='bbox 356 4590 409 4643; x_wconf 91' lang='lat' dir='ltr'>est</span> <span class='ocrx_word' id='word_1_353' title='bbox 427 4599 503 4643; x_wconf 89' lang='lat' dir='ltr'>cum</span> <span class='ocrx_word' id='word_1_354' title='bbox 523 4579 677 4642; x_wconf 88' lang='lat' dir='ltr'>Ecclesia</span> <span class='ocrx_word' id='word_1_355' title='bbox 695 4580 729 4641; x_wconf 90' lang='lat' dir='ltr'>in</span> <span class='ocrx_word' id='word_1_356' title='bbox 748 4581 866 4659; x_wconf 89' lang='lat' dir='ltr'>terris;</span> <span class='ocrx_word' id='word_1_357' title='bbox 896 4599 974 4642; x_wconf 91' lang='lat' dir='ltr'>nam</span> <span class='ocrx_word' id='word_1_358' title='bbox 993 4579 1102 4642; x_wconf 89' lang='lat' dir='ltr'>omnis</span> <span class='ocrx_word' id='word_1_359' title='bbox 1120 4577 1224 4642; x_wconf 92' lang='lat' dir='ltr'>homo</span> <span class='ocrx_word' id='word_1_360' title='bbox 1241 4579 1297 4660; x_wconf 91' lang='lat' dir='ltr'>qui</span> <span class='ocrx_word' id='word_1_361' title='bbox 1320 4578 1354 4640; x_wconf 90' lang='lat' dir='ltr'>in</span> <span class='ocrx_word' id='word_1_362' title='bbox 1378 4577 1473 4642; x_wconf 90' lang='lat' dir='ltr'>bonis</span> 
     </span>
    </p>
   </div>
   <div class='ocr_carea' id='block_1_7' title="bbox 0 0 1696 5400">
    <p class='ocr_par' dir='ltr' id='par_1_10' title="bbox 0 0 1696 5400">
     <span class='ocr_line' id='line_1_42' title="bbox 0 0 1696 5400; baseline 0 4"><span class='ocrx_word' id='word_1_363' title='bbox 0 0 1696 5400; x_wconf 95' lang='lat' dir='ltr'> </span> 
     </span>
    </p>
   </div>
  </div>
 </body>
</html>
