3384 5400
369 673 432 756 762
689 680 937 737 moeremus
960 686 1172 738 nnumin.

370 878 447 921 nem
456 857 472 881 ”
482 866 518 921 ut
532 862 552 891 “
561 854 742 921 Diabolum
749 856 765 881 ”
774 856 1010 937 intelliguntur
1021 856 1076 938 qui
1089 857 1121 919 in
1135 855 1231 918 malis
1243 856 1334 920 vitae
1346 856 1483 929 suerunt,

368 962 405 1015 et
421 972 480 1034 per
496 952 717 1015 “Draconem
725 950 740 975 ''
752 962 790 1015 ut
804 954 822 983 “
831 950 994 1015 Satanam
1003 949 1017 974 ”
1029 948 1263 1032 intelliguntur
1279 952 1334 1033 qui
1349 952 1384 1013 in
1399 951 1484 1014 salsis

368 1046 446 1110 fidei
466 1045 634 1129 (videatur
649 1065 758 1127 supra,
776 1065 807 1108 n.
824 1044 901 1127 841)
917 1065 925 1122 ;
949 1054 984 1109 at
1001 1044 1107 1127 qualis
1124 1065 1207 1107 unus
1226 1055 1261 1109 et
1277 1044 1386 1129 qualis
1403 1044 1486 1109 alter

367 1144 402 1205 in
420 1142 577 1224 sequenti
592 1139 735 1204 articulo
752 1140 931 1204 videbitur.

428 1233 529 1317 858.
554 1244 640 1311 [Vm.
652 1242 692 1309 8.]
718 1231 785 1295 “ft
802 1231 898 1295 exibit
909 1232 1062 1295 roduam
1073 1236 1197 1315 genter,
1213 1251 1292 1313 quus
1306 1229 1338 1293 io
1358 1236 1489 1311 quatuor

368 1323 489 1406 angulis
502 1330 621 1394 tarrae,
636 1321 750 1411 &opum
764 1327 798 1384 et
811 1321 982 1404 laqueum,
997 1320 1276 1404 congregaremus
1295 1321 1326 1382 in
1343 1321 1488 1395 bellum,''

367 1416 535 1497 significat
557 1414 647 1496 quod
672 1413 727 1476 illi
745 1414 806 1496 qui
827 1423 892 1494 per
914 1412 1125 1477 “Draconem
1135 1413 1150 1439 ’'
1173 1412 1226 1475 ltic
1247 1410 1485 1494 intelliguntur,

367 1529 476 1573 omnes
498 1508 594 1591 quie
622 1508 723 1571 terris
745 1505 780 1570 ire
803 1506 957 1571 une'rrerso
977 1507 1105 1569 Mundo
1127 1506 1307 1587 spirituum
1328 1518 1435 1583 erant,
1457 1520 1488 1571 et

367 1602 418 1666 ibi
435 1604 470 1666 in
493 1602 561 1667 sele
581 1601 681 1667 Cultu
697 1612 832 1664 externo
850 1601 1003 1665 naturali
1020 1611 1053 1663 et
1073 1601 1108 1663 in
1130 1600 1219 1664 nullo
1239 1599 1339 1665 Cultu
1361 1602 1487 1665 interno

367 1696 546 1779 spirituali
563 1697 729 1771 vixerunt,
753 1695 788 1759 in
810 1716 891 1759 suas
909 1706 1028 1777 partes
1050 1694 1231 1767 traherent,
1253 1706 1286 1759 et
1307 1696 1488 1761 excitarent

367 1802 481 1857 contra
501 1791 577 1854 illos
598 1791 659 1873 qui
679 1790 846 1854 coluerunt
867 1790 1047 1853 Dominum
1075 1800 1107 1853 et
1135 1790 1293 1854 urserunt
1313 1792 1486 1855 secundum

362 1896 540 1969 praecepta
565 1886 679 1967 Ipsius
708 1886 743 1949 in
774 1884 993 1948 Verbo—Per
1017 1885 1151 1948 “exibit
1182 1886 1342 1949 seducere
1365 1898 1486 1967 gentes

367 2001 453 2063 quae
480 1981 514 2043 in
536 1989 680 2063 quatuor
702 1978 835 2061 angulis
858 1989 968 2043 terrae
976 1978 991 2003 ’⁹
1010 1978 1218 2061 significatur
1239 1980 1330 2061 quod
1360 1978 1408 2042 illi
1430 1982 1486 2064 qui

367 2096 427 2157 per
451 2075 670 2138 “Draconem
682 2073 696 2097 ''
719 2072 964 2155 intelliguntur,
988 2073 1031 2136 de
1060 2073 1178 2155 quibus
1209 2092 1290 2136 mox
1314 2094 1414 2157 supra
1438 2074 1485 2157 (n.
1597 2118 1601 2127 ·

368 2168 439 2249 856,
464 2167 552 2250 857),
571 2188 690 2232 omnes
713 2169 825 2251 quiin
850 2170 1004 2231 universo
1027 2168 1157 2229 Mundo
1179 2169 1353 2249 spirituum
1377 2178 1485 2243 erant,

367 2265 402 2326 in
423 2284 500 2326 suas
523 2272 637 2346 partos
660 2264 854 2339 traherent3
884 2282 944 2343 per
967 2260 1180 2325 “seducere'’
1203 2261 1256 2324 hic
1280 2264 1488 2344 significatur

366 2360 401 2421 in
430 2380 507 2421 suas
536 2368 650 2441 partes
681 2358 835 2431 trahere;
868 2376 926 2437 per
951 2354 1124 2437 “gentes’'
1150 2354 1384 2437 significantur
1413 2368 1486 2422 tam

366 2452 447 2517 boni
473 2472 573 2535 quam
597 2451 676 2515 mali
701 2450 748 2533 (n.
765 2450 867 2533 483);
903 2471 962 2533 per
985 2455 1158 2532 “quatuor
1180 2450 1325 2531 angulos
1348 2452 1486 2517 terrae”

367 2544 574 2629 significatur
596 2546 769 2608 universus
791 2545 935 2607 mundus
958 2544 1137 2627 spiritualis
1169 2541 1215 2626 (n.
1241 2542 1329 2627 342),
1353 2546 1407 2609 hic
1430 2549 1487 2631 qui

367 2643 401 2707 in
421 2642 576 2705 universo
594 2638 723 2703 Mundo
741 2640 928 2722 spirituum,
945 2638 1000 2722 qui
1019 2649 1072 2703 est
1092 2638 1220 2703 medius
1237 2640 1325 2702 inter
1344 2639 1486 2706 Caelum

367 2747 403 2802 et
423 2737 602 2809 Infernum,
618 2746 654 2798 et
673 2756 740 2818 quo
755 2755 874 2798 omnes
892 2745 970 2816 post
989 2754 1168 2798 excessum
1187 2755 1206 2798 e
1226 2737 1322 2798 terris
1341 2737 1486 2819 primum

367 2831 572 2895 conveniunt
602 2826 662 2911 (de
691 2849 769 2911 quo,
800 2848 832 2891 n.
863 2829 934 2910 784,
958 2829 1058 2911 791);
1093 2848 1171 2891 nam
1202 2829 1257 2910 qui
1287 2831 1319 2891 in
1351 2830 1487 2896 lnserno

366 2934 475 2997 erant,
494 2943 563 2986 non
585 2925 619 2986 in
642 2920 861 3005 conspectum
881 2923 1046 2986 Draconis
1069 2923 1183 2986 venire
1207 2934 1402 3005 potuerunt,
1424 2946 1486 2992 nec

365 3022 423 3103 qui
452 3021 485 3082 in
516 3017 645 3082 Caelis:
678 3037 738 3099 per
765 3017 929 3098 “Gogum
960 3026 996 3080 et
1027 3016 1231 3098 Magogum”
1254 3017 1489 3098 significantur

367 3116 422 3197 qui
452 3115 486 3177 in
516 3113 609 3176 cultu
638 3122 786 3175 externo
815 3111 960 3174 naturali
990 3122 1147 3193 separato
1178 3132 1197 3175 a
1227 3111 1320 3174 cultu
1350 3113 1488 3179 interno

366 3207 529 3292 spirituali
544 3217 633 3280 sunt,
654 3208 696 3269 de
718 3206 838 3288 quibus
860 3209 892 3269 in
916 3206 1057 3270 articulo
1079 3215 1262 3289 sequente:
1295 3227 1354 3290 per
1375 3213 1487 3280 “conf

366 3322 509 3385 gregare
531 3300 607 3365 illos
630 3302 663 3363 in
687 3299 835 3362 bellum”
855 3299 1061 3380 significatur
1079 3301 1231 3363 excitare
1249 3299 1325 3362 illos
1347 3303 1406 3384 qui
1430 3322 1489 3385 per

368 3395 542 3478 “gentes’'
564 3393 810 3474 intelliguntur,
835 3404 954 3457 contra
977 3392 1053 3457 illos
1076 3395 1131 3475 qui
1158 3393 1275 3457 colunt
1299 3395 1488 3459 Dominum

366 3501 402 3555 et
425 3493 541 3553 vivunt
563 3490 748 3553 secundum
770 3498 954 3570 praecepta
976 3488 1083 3570 Ipsius
1106 3490 1138 3550 in
1162 3487 1298 3566 Verbo;
1325 3493 1488 3571 quoniam

367 3585 559 3665 omnesqui
581 3603 649 3645 non
669 3581 785 3646 colunt
808 3582 992 3645 Dominum
1015 3592 1050 3646 et
1074 3603 1141 3646 non
1161 3583 1279 3646 vivunt
1299 3585 1488 3648 secundum

367 3687 549 3762 praecepta
565 3677 683 3758 Ipsius,
700 3676 779 3739 mali
797 3687 887 3751 sunt,
905 3687 939 3740 et
959 3676 1039 3739 mali
1055 3696 1157 3740 unum
1174 3687 1279 3757 agunt
1299 3697 1377 3740 cum
1399 3679 1488 3743 Dra-

367 3792 452 3836 cone
464 3793 523 3834 seu
537 3771 752 3847 Draconicis;
771 3771 860 3852 quod
873 3791 932 3854 per
945 3776 965 3802 “
974 3770 1100 3834 bellurn
1109 3770 1123 3794 ”
1136 3770 1345 3852 intelligatur
1357 3771 1488 3837 bellum

366 3864 547 3949 spirituale,
575 3864 666 3946 quod
698 3875 752 3927 est
784 3864 858 3927 salsi
891 3875 1011 3928 contra
1040 3885 1167 3941 verum,
1190 3884 1229 3928 ac
1257 3854 1334 3950 'veri
1365 3880 1491 3934 contra

366 3960 497 4035 falsum,
514 3960 667 4022 videatur
685 3977 785 4040 supra
802 3956 849 4039 (n.
869 3973 938 4038 500,
958 3957 1044 4041 586).

429 4055 531 4137 859.
561 4052 661 4135 Quod
689 4074 748 4136 per
772 4053 936 4135 “Gogum
960 4063 995 4118 et
1019 4053 1230 4136 Magogum”
1252 4054 1491 4138 significentur

366 4151 421 4232 qui
444 4150 477 4211 in
500 4147 593 4212 cultu
616 4157 762 4210 externo
783 4158 863 4210 sunt
886 4156 921 4211 et
944 4167 1012 4211 non
1035 4149 1068 4210 in
1091 4148 1204 4230 aliquo
1225 4147 1318 4212 cultu
1337 4150 1489 4226 interno,

366 4253 523 4307 constare
546 4251 661 4324 potest
691 4243 779 4323 apud
805 4241 1017 4317 Ezechielem,
1040 4262 1084 4305 ex
1111 4245 1222 4325 capite
1248 4245 1410 4322 xxxviii,
1436 4247 1491 4310 ubi

365 4337 409 4400 de
428 4335 528 4417 Gogo
546 4336 657 4418 agitur
674 4355 694 4398 a
717 4336 879 4418 principio
897 4337 940 4398 ad
963 4335 1085 4412 finem;
1108 4347 1143 4399 et
1163 4358 1207 4400 ex
1227 4339 1338 4418 capite
1357 4341 1489 4406 xxxix.

368 4429 427 4513 (ibi
445 4451 530 4493 vers.
553 4430 669 4512 1-16);
693 4430 752 4493 sed
772 4431 863 4512 quod
886 4430 933 4493 illi
956 4451 1016 4513 per
1035 4431 1199 4512 “Gogum
1218 4443 1253 4496 et
1273 4433 1490 4518 Magogum''

365 4527 605 4609 significentur,
624 4549 694 4592 non
715 4529 760 4590 ibi
782 4539 878 4611 patet
902 4529 1002 4604 clare,
1021 4549 1121 4612 quam
1145 4549 1203 4612 per
1226 4529 1370 4596 Sensum
1391 4537 1489 4618 spiri-

366 4620 512 4702 tualem;
544 4624 601 4707 qui
630 4625 708 4707 quia
736 4623 816 4686 mihi
845 4621 1001 4688 detectus
1031 4633 1095 4701 est,
1121 4627 1308 4708 aperietur:
1341 4629 1489 4712 primum
