3384 5400
355 732 416 812 632
675 743 924 798 neocnuuests
945 744 1158 796 navatam.

354 918 423 1001 qirs
446 915 648 1000 offetiarunt
667 915 850 986 dominiim
873 925 975 998 super
998 913 1134 982 Caelum
1160 925 1195 980 et
1218 915 1368 992 Terram.
1391 917 1476 1000 qnod

363 1011 516 1087 Verbum,
536 1010 672 1084 tametsi
689 1011 739 1076 ita
760 1011 914 1094 refilium
935 1020 995 1086 est,
1014 1031 1117 1094 usque
1132 1011 1473 1090 sr't.-Per.“mirari''

355 1105 562 1188 significatur
591 1105 851 1187 obstupescere;
885 1125 945 1188 per
975 1105 1199 1173 “habitantes
1231 1125 1332 1189 super
1363 1107 1472 1172 terra”

355 1199 585 1283 significantur
603 1202 657 1284 qui
673 1201 717 1267 ab
730 1199 886 1264 Ecclesia
900 1209 991 1274 sunt,
1005 1199 1059 1263 hic
1073 1200 1131 1282 qui
1147 1221 1193 1268 ex
1211 1199 1388 1285 Religioso
1402 1200 1472 1275 illo.

355 1306 392 1359 ut
405 1315 504 1378 supra
517 1293 564 1378 (n.
573 1295 649 1376 721)
663 1316 671 1372 ;
689 1301 708 1326 “
718 1313 859 1376 quorum
869 1295 1083 1358 nominanou
1095 1296 1223 1376 scripta
1234 1305 1312 1369 sunt
1323 1295 1360 1361 in
1371 1295 1473 1366 Libro

354 1392 446 1454 vitae
475 1411 495 1454 a
517 1389 718 1462 fundatione
735 1388 882 1462 mundi,”
904 1386 1073 1472 significat
1096 1390 1151 1470 qui
1183 1409 1252 1462 non
1275 1389 1418 1461 credunt
1439 1392 1473 1454 in

356 1485 550 1560 Dominum,
573 1495 608 1548 et
633 1504 700 1556 non
723 1485 757 1548 in
779 1481 935 1548 doihina
956 1493 1037 1548 sunt
1069 1505 1115 1546 ex
1139 1482 1267 1556 Verbo,
1290 1503 1410 1551 omnes
1430 1485 1474 1548 ab

354 1581 597 1644 instauratione
610 1577 795 1651 Ecclesiae,
808 1578 861 1642 lric
876 1579 921 1645 ab
932 1579 1176 1645 instauratione
1187 1577 1284 1659 hujus
1299 1577 1479 1660 Religiosi,

356 1673 404 1756 (n.
423 1675 492 1755 588,
512 1672 598 1755 589),
613 1683 650 1738 et
667 1674 700 1736 hi
717 1693 784 1736 non
800 1673 856 1736 alii
870 1683 951 1737 sunt
965 1692 1067 1755 quam
1083 1675 1139 1754 qui
1154 1669 1315 1739 affectant
1330 1673 1472 1738 domini·
1535 1700 1539 1707 ·

354 1790 410 1832 um
427 1789 526 1852 super
537 1767 677 1844 Caelum
693 1779 728 1832 et
744 1787 843 1850 super
856 1767 1015 1832 Terram:
1040 1787 1099 1849 per
1112 1767 1285 1838 “Bestiam
1297 1789 1384 1850 quae
1401 1779 1472 1832 erat

354 1874 389 1927 et
409 1883 476 1928 non
495 1873 559 1938 est,
576 1873 729 1934 attamen
748 1861 830 1936 est,”
848 1860 1059 1944 significatur
1076 1862 1167 1943 quod
1183 1860 1404 1940 Verbum,ita
1420 1883 1472 1926 re·

350 1955 488 2040 jec‘ium,
512 1977 616 2040 usque
639 1958 692 2032 sit.
739 1955 795 2021 Ex
826 1956 879 2023 his
909 1965 1016 2039 patet,
1040 1957 1132 2039 quod
1154 1977 1214 2040 per
1238 1957 1473 2022 “mirabuntur

354 2055 548 2117 habitantes
556 2071 659 2132 ‚super
671 2061 771 2126 terra,
786 2069 927 2134 quorum
944 2071 1011 2114 non
1027 2052 1153 2134 scripta
1168 2052 1305 2115 nomina
1318 2050 1354 2114 ia
1372 2051 1471 2118 Libro

353 2149 444 2210 vitae
466 2165 487 2208 a
508 2145 706 2218 fundatione
729 2146 855 2218 mundi,
875 2145 1030 2210 videntes
1053 2145 1215 2219 Bestiam,
1234 2165 1321 2228 quae
1343 2159 1417 2210 erat
1437 2157 1471 2209 et

354 2261 422 2306 non
445 2250 508 2316 est,
528 2250 682 2304 attamen
705 2239 788 2314 est,''
810 2239 1019 2322 significetur
1041 2241 1319 2322 obstupescentis
1341 2239 1471 2306 illorum

354 2337 409 2421 qui
432 2355 452 2400 e
474 2334 649 2418 Religioso
672 2335 730 2398 illo
753 2344 843 2409 sunt,
863 2335 1056 2417 omnesqui
1078 2334 1122 2400 ab
1142 2335 1388 2399 instauratione
1405 2335 1473 2416 ejus

353 2427 553 2496 afletiarunt
563 2429 747 2492 dominium
758 2449 857 2512 super
866 2429 1006 2492 Caelum
1016 2440 1051 2492 et
1062 2439 1199 2503 terram,
1208 2429 1300 2512 quod
1310 2428 1470 2504 Verbum,

354 2527 492 2595 tametsi
514 2527 562 2589 ita
584 2521 744 2604 rejeiium
767 2534 831 2598 est,
848 2545 955 2606 ⁴usque
979 2525 1033 2587 sit.
1077 2521 1207 2600 Omnes
1228 2523 1319 2588 enim
1341 2525 1399 2605 qui
1426 2523 1471 2588 al·

353 2619 482 2686 lettant
500 2619 684 2684 dominium
704 2637 803 2702 super
818 2615 940 2683 sanita
956 2618 1132 2683 Ecclesiae
1150 2629 1186 2681 et
1203 2637 1304 2701 super
1323 2617 1473 2691 Caelum,

354 2718 434 2781 odio
456 2716 584 2779 habent
607 2713 770 2787 Verbum,
790 2715 868 2796 quia
889 2714 970 2777 odio
991 2714 1119 2777 babent
1139 2713 1334 2788 Dominum,
1354 2716 1382 2776 si
1405 2735 1472 2779 non

354 2830 412 2873 ore
428 2829 532 2893 usque
547 2808 659 2881 corde.
704 2806 804 2889 Quod
824 2811 872 2872 ita
887 2810 941 2883 sit,
958 2810 1055 2891 pauci
1069 2811 1180 2872 sciunt
1195 2810 1229 2871 in
1246 2808 1384 2883 mundo,
1398 2812 1475 2891 quia

353 2913 434 2967 tunc
458 2904 490 2966 in
514 2922 655 2984 corpore
677 2913 776 2981 sunt;
808 2913 844 2966 at
867 2903 1101 2967 manifestatur
1119 2913 1196 2985 post
1216 2914 1374 2978 mortem,
1392 2906 1474 2969 dum

355 2998 493 3079 quisque
513 2998 549 3060 in
571 3018 633 3060 suo
655 2998 772 3079 spiritu
794 3008 858 3061 est.
903 2996 988 3061 Inde
1010 3007 1074 3072 est,
1093 2998 1183 3079 quod
1202 2999 1366 3062 mirentur
1383 3000 1473 3080 quod

354 3112 459 3173 usque
479 3091 630 3155 Verbum
654 3094 708 3167 sit,
729 3093 868 3157 tametsi
886 3088 1047 3173 rejetium
1069 3093 1127 3165 ita,
1147 3102 1184 3155 ut
1207 3111 1307 3174 supra
1325 3089 1374 3174 (n.
1394 3093 1471 3175 734)

354 3183 480 3249 dietum
498 3196 561 3251 est.
607 3184 707 3268 Quod
722 3186 873 3255 Verbum
886 3207 991 3269 usque
1002 3188 1057 3261 sit,
1071 3197 1124 3250 est
1139 3188 1217 3269 quia
1231 3195 1284 3249 est
1301 3186 1472 3263 Divinum,

353 3293 389 3346 et
409 3280 573 3345 Dominus
592 3283 625 3343 in
645 3280 712 3345 illo.

413 3378 513 3461 736·
534 3386 622 3453 [Vm.
636 3387 675 3454 9.]
703 3378 814 3441 ‘liceo
834 3397 922 3444 mne
937 3378 1056 3446 haiam
1068 3376 1286 3458 uponim,”
1300 3377 1470 3459 significat

353 3471 443 3552 quod
461 3471 539 3533 laec
560 3470 789 3551 interpretatio
811 3470 859 3535 sit
879 3470 914 3533 in
934 3469 1041 3534 Sensu
1058 3469 1218 3542 naturali,
1237 3468 1300 3535 sed
1313 3479 1380 3551 pro
1402 3469 1471 3533 illis

353 3565 413 3647 qui
425 3566 460 3627 in
473 3563 579 3637 Sensrr
590 3563 766 3645 spirituali
777 3586 799 3628 a
812 3564 951 3629 Domino
962 3570 1115 3629 sunt.-“
1125 3564 1220 3627 Haec
1233 3584 1330 3627 mens
1337 3563 1352 3587 ''
1368 3566 1471 3647 signi·

353 3658 433 3723 licat
452 3660 541 3742 quod
564 3660 629 3723 hoc
653 3661 696 3723 sit
715 3656 909 3723 intelletius
925 3668 962 3723 et
981 3659 1216 3741 interpretatio
1234 3657 1367 3723 illorum
1386 3681 1472 3741 quae

353 3755 425 3818 visa
457 3764 556 3831 sunt;
592 3755 749 3817 “habens
779 3755 980 3837 sapientiam
989 3754 1005 3778 ''
1027 3752 1195 3835 significat
1226 3773 1288 3835 pro
1305 3747 1386 3818 'illis
1418 3756 1472 3837 qui

353 3850 491 3911 interius
508 3850 654 3931 sapiunt.
700 3847 801 3930 Quod
824 3850 868 3913 sit
884 3850 1121 3932 interpretatio
1143 3850 1176 3911 in
1201 3846 1308 3911 Sensu
1326 3849 1471 3913 naturali

354 3964 415 4026 pro
430 3942 495 4007 illis
506 3945 561 4026 qui
574 3944 607 4005 in
622 3942 732 4007 Sensu
745 3944 908 4025 spirituali
921 3955 1010 4018 sunt,
1023 3954 1076 4007 est
1092 3945 1168 4026 quia
1180 3945 1418 4025 interpretatio
1429 3945 1473 4007 ab

353 4037 493 4119 Angelo
508 4035 596 4101 rana
607 4049 661 4101 est
676 4039 709 4101 in
723 4036 829 4101 Sensu
847 4038 990 4101 naturali
1001 4049 1037 4101 et
1050 4058 1118 4102 non
1131 4039 1164 4101 in
1177 4036 1360 4119 spirituali:
1384 4038 1471 4101 dixit

352 4134 441 4197 enim
451 4132 541 4214 quod
553 4144 686 4213 septem
697 4134 808 4214 capita
822 4132 957 4197 Bestiae
967 4139 1129 4216 “septem
1139 4143 1274 4195 montes
1283 4133 1428 4206 essent,”
1436 4144 1471 4197 et

352 4247 486 4309 quoque
497 4226 588 4309 quod
602 4232 762 4308 “septem
775 4248 874 4309 reges
886 4227 983 4302 sint,”
994 4237 1030 4291 et
1046 4228 1136 4309 quod
1154 4233 1227 4289 “ex
1240 4226 1305 4289 illis
1318 4246 1403 4291 unus
1415 4230 1469 4300 sit,

352 4332 387 4384 et
397 4321 484 4403 alter
495 4320 645 4389 nondum
659 4321 817 4395 venerit,”
829 4332 902 4385 tum
914 4323 1005 4405 quod
1019 4322 1133 4385 Bestia
1146 4323 1217 4385 “sit
1230 4318 1371 4385 otiatus
1382 4334 1419 4385 et
1429 4323 1470 4385 de

351 4416 513 4497 septem,”
529 4426 662 4497 praeter
681 4416 776 4498 plura
794 4436 880 4499 quae
894 4426 1080 4499 sequuntur
1095 4436 1199 4498 usque
1215 4414 1258 4478 ad
1274 4413 1374 4478 linem
1391 4437 1469 4498 cap·

351 4510 425 4572 itis:
450 4520 485 4573 et
505 4510 587 4573 haec
607 4530 674 4573 non
694 4521 836 4592 possunt
853 4509 997 4591 intelligi
1016 4511 1079 4573 nisi
1096 4511 1141 4573 ab
1157 4509 1222 4571 illis
1240 4510 1348 4591 quiin
1364 4508 1470 4573 Sensu

351 4604 551 4685 spiritualia
568 4604 716 4668 Domino
740 4613 838 4681 sunt;
870 4605 948 4669 ideo
967 4606 1002 4667 id
1026 4625 1085 4686 per
1104 4604 1315 4667 “habentem
1336 4604 1468 4686 sapien·

351 4700 434 4762 tiam
443 4698 457 4724 ”
468 4696 685 4780 signfficatur.
716 4697 817 4779 Quod
829 4700 1067 4783 interpretatio
1079 4700 1123 4763 ab
1132 4697 1271 4781 Angelo
1283 4696 1372 4763 taeta
1380 4700 1424 4763 sit
1437 4700 1468 4761 in
