3384 5400
519 690 598 742 car.
615 690 730 755 xvur,
748 690 851 743 vans.
872 677 997 743 16.-N.
1014 678 1085 761 785.
1297 680 1360 763 687

240 871 277 927 et
293 861 336 925 de
351 860 520 925 miraculis
534 860 578 925 ab
592 861 657 925 illis
673 860 787 927 lactis:
811 864 973 946 imprimis
988 864 1186 927 insidiantur
1202 864 1360 929 divitibus

239 977 317 1021 cum
333 966 525 1038 aegrotant,
545 965 580 1021 et
598 978 730 1040 quoque
747 968 826 1021 tunc
843 959 1021 1023 infundunt
1038 970 1200 1023 terrorem
1219 978 1280 1042 pro
1299 960 1356 1023 ln·

237 1051 344 1127 semu,
361 1062 397 1115 et
415 1049 463 1115 sic
478 1060 706 1134 extorquent;
730 1053 961 1134 promittendo
977 1052 1138 1117 sacrificia
1155 1052 1279 1117 Missae
1298 1075 1360 1137 pro

238 1146 414 1209 animabus
429 1166 544 1210 eorum
560 1146 744 1210 secundum
761 1148 912 1212 valorem
930 1148 1059 1221 testati,
1077 1157 1112 1211 et
1131 1168 1190 1230 per
1207 1148 1266 1211 illa
1283 1170 1359 1212 suc-

238 1242 404 1304 cessivam
423 1242 677 1323 exemptionem
696 1262 715 1305 e
737 1242 814 1306 loco
832 1243 998 1305 cruciatus
1016 1261 1117 1324 quem
1135 1252 1260 1305 vocant
1279 1243 1360 1308 Pur·

238 1335 420 1417 gatorium,
440 1344 475 1397 et
493 1336 541 1397 sic
559 1336 843 1400 intromissionem
867 1337 900 1398 in
917 1335 1067 1400 Caelum.
1112 1334 1213 1418 Quod
1233 1336 1359 1420 Purga-

238 1429 362 1491 torlum
378 1430 514 1503 attinet,
531 1450 723 1494 asseverare
740 1450 876 1512 possum
892 1430 982 1514 quod
1001 1432 1045 1493 sit
1063 1450 1144 1513 pure
1161 1430 1360 1513 figmentum

240 1522 486 1605 Babylonicum
509 1535 647 1606 propter
670 1524 884 1600 lucrationes,
904 1534 939 1589 et
962 1524 1053 1608 quod
1083 1544 1151 1587 non
1175 1526 1275 1589 detur
1297 1545 1359 1590 nec

238 1618 311 1681 dari
334 1620 450 1700 possit.
494 1616 614 1683 Omnis
636 1619 738 1684 homo
762 1630 840 1703 post
871 1630 1016 1683 mortem
1039 1620 1181 1703 primum
1205 1621 1298 1685 venit
1325 1621 1358 1684 in

239 1712 404 1777 Mundum
424 1714 608 1795 spirituum,
628 1716 683 1797 qui
705 1724 759 1779 est
782 1715 912 1778 medius
932 1715 1020 1778 inter
1039 1713 1179 1778 Caelum
1198 1725 1233 1779 et
1256 1715 1362 1780 Inser-

238 1826 330 1883 num,
353 1819 389 1871 et
412 1809 457 1870 ibi
487 1818 704 1890 praeparatur
725 1808 780 1872 vel
804 1809 847 1872 ad
870 1808 1011 1873 Caelum
1034 1802 1094 1871 vel
1111 1810 1154 1873 ad
1179 1809 1359 1884 Internum,

238 1903 377 1985 quisque
393 1903 577 1966 secundum
594 1904 699 1967 vitam
715 1924 809 1966 suam
828 1905 861 1966 in
881 1902 1007 1966 mundo
1022 1924 1029 1981 ;
1053 1912 1088 1967 et
1107 1904 1141 1967 in
1159 1903 1217 1968 illo
1234 1904 1361 1968 mundo

238 2016 308 2060 non
331 2006 383 2060 est
402 1996 499 2060 alicui
518 1998 694 2072 cruciatus,
713 1997 773 2062 sed
792 1996 900 2060 malus
917 2006 999 2060 tunc
1019 1998 1161 2079 primum
1180 2000 1213 2063 in
1232 1999 1359 2062 crucia-

239 2101 311 2156 tum
331 2092 434 2165 venit,
451 2092 587 2174 quando
601 2102 678 2173 post
689 2092 980 2175 praeparationem
996 2092 1029 2153 in
1047 2090 1227 2155 Internum.
1272 2090 1360 2156 Sunt

238 2186 272 2248 in
295 2185 354 2248 illo
376 2187 504 2248 mundo
526 2187 720 2263 innumerae
736 2188 930 2261 societates,
950 2186 983 2247 in
1007 2184 1071 2248 illis
1094 2187 1217 2267 gaudia
1240 2185 1361 2249 similia

238 2282 380 2363 quaein
403 2282 520 2356 terris;
552 2300 598 2343 ex
621 2300 722 2343 causa
744 2282 822 2362 quia
848 2280 905 2354 illi,
929 2281 985 2362 qui
1015 2280 1069 2355 ibi,
1090 2278 1257 2363 conjuncti
1281 2290 1360 2344 sunt

238 2375 430 2438 hominibus
459 2375 492 2437 in
522 2376 629 2448 terris,
652 2376 708 2458 qui
730 2376 834 2437 etiam
864 2376 897 2436 in
921 2375 1033 2437 medio
1051 2376 1140 2439 inter
1161 2374 1300 2438 Caelum
1324 2385 1360 2438 et

238 2470 410 2533 Infernum
433 2478 521 2533 sunt.
565 2468 721 2533 Externa
744 2469 876 2532 illorum
899 2470 943 2532 ibi
966 2470 1154 2533 successive
1177 2478 1357 2543 exuuntur,

238 2584 277 2628 ac
296 2566 343 2628 sic
362 2566 495 2628 interna
513 2565 716 2645 aperiuntur,
733 2572 769 2627 et
787 2564 852 2627 hoc
871 2584 976 2645 usque
992 2564 1071 2625 dum
1090 2583 1185 2627 amor
1200 2582 1358 2645 regnans,

238 2660 294 2742 qui
312 2659 389 2743 quia
407 2677 502 2723 amor
519 2660 610 2722 vitae
628 2666 691 2733 est,
711 2677 750 2721 ac
772 2656 910 2722 intimus
929 2668 964 2721 et
983 2657 1161 2722 dominans
1180 2677 1278 2741 super
1296 2678 1359 2722 ex-

238 2765 346 2830 terna,
366 2754 553 2830 revelatur;
586 2773 653 2835 quo
674 2752 827 2816 revelato
845 2763 943 2835 patet
962 2752 1068 2836 qualis
1084 2753 1194 2817 .homo
1216 2763 1289 2831 est;
1323 2764 1359 2817 et

239 2849 423 2912 secundum
443 2847 542 2930 quale
560 2847 647 2910 illius
665 2849 788 2910 amoris
807 2848 975 2911 emittitur
997 2867 1017 2909 e
1036 2845 1165 2911 Mundo
1183 2847 1359 2929 spirituum

238 2942 283 3006 ad
302 2941 413 3006 locum
431 2961 537 3016 suum,
556 2943 583 3004 si
606 2942 714 3004 bonus
736 2942 770 3004 in
789 2940 905 3016 Caelo,
926 2951 961 3004 et
984 2942 1012 3003 si
1030 2940 1137 3004 malus
1160 2943 1193 3004 in
1213 2941 1359 3005 Inferno.

239 3034 342 3118 Quod
371 3037 496 3110 ita-sit,
519 3035 636 3098 datum
659 3044 713 3099 est
735 3055 796 3117 pro
819 3045 914 3098 certo
936 3035 1031 3109 scire,
1059 3036 1137 3116 quia
1166 3055 1186 3097 a
1212 3034 1360 3099 Domino

238 3131 357 3195 datum
376 3141 429 3194 est
448 3131 528 3194 mihi
547 3150 613 3193 una
636 3149 712 3193 curn
735 3128 800 3193 illis
816 3149 890 3192 esse
909 3129 965 3211 qui
988 3128 1021 3190 in
1044 3127 1102 3192 illo
1122 3130 1248 3193 mundo
1266 3139 1356 3202 sunt,

238 3245 279 3288 ac
298 3225 412 3289 videre
433 3226 556 3299 omnia,
580 3234 615 3288 et
645 3225 692 3286 sic
714 3224 760 3286 ab
781 3225 854 3305 ipsa
877 3223 1089 3306 experientia
1111 3222 1143 3285 id
1167 3222 1298 3297 referre,
1323 3233 1359 3287 et

238 3321 305 3384 hoc
321 3339 408 3382 nunc
428 3341 487 3403 per
501 3319 620 3400 viginti
636 3337 764 3395 annos;
786 3338 890 3400 quare
905 3337 1097 3380 asseverare
1116 3337 1251 3398 possum
1268 3317 1359 3401 quod

240 3413 473 3495 Purgatorium
489 3414 532 3476 sit
549 3411 759 3494 figmentum,
776 3411 867 3495 quod
883 3412 995 3474 vocari
1014 3421 1128 3493 potest
1145 3410 1358 3488 diabolicum,

209 3582 213 3590 Ι
239 3509 473 3591 quiapropter
495 3507 709 3582 lucrationes,
728 3516 764 3570 et
783 3515 921 3588 propter
940 3515 1148 3587 potestatem
1167 3525 1265 3588 super
1277 3507 1356 3570 ‘ani-

239 3621 324 3677 mas,
343 3603 446 3664 etiam
465 3598 707 3675 defunctorum,
727 3611 805 3681 post
826 3611 980 3664 mortem.

299 3713 397 3797 785.
423 3725 507 3792 [Vm.
523 3723 575 3791 16.]
612 3711 834 3784 ‘Etdiaantaa
849 3711 919 3785 lua,
932 3731 997 3785 vua,
1010 3711 1083 3776 urta
1097 3712 1150 3775 illu
1160 3733 1283 3795 napae,
1295 3713 1359 3776 alr-

240 3809 424 3872 aumumiotu
438 3807 530 3890 bysso
544 3813 579 3870 at
592 3825 729 3888 purpura
744 3811 778 3869 at
794 3806 932 3879 caucino,
947 3813 981 3868 at
997 3807 1143 3869 inaurata
1157 3826 1245 3882 auro,
1260 3808 1360 3886 lapido

236 3897 374 3981 pretium
392 3903 427 3960 ot
441 3896 630 3979 marpurr‘tia,
646 3896 716 3980 quia
733 3915 795 3957 unu
811 3896 888 3959 lm
901 3898 1080 3959 dorestatae
1094 3903 1168 3960 aunt
1186 3902 1293 3960 tuntas
1314 3899 1359 3960 di-

243 3987 368 4059 ritiuo,''
380 3985 550 4069 significat
568 4007 710 4068 gravem
729 3985 999 4049 lamentationem
1019 3987 1110 4068 quod
1126 3987 1306 4070 magnifica
1327 3997 1360 4052 et

240 4079 332 4143 lucra
345 4099 465 4152 eorum,
482 4089 551 4142 tam
566 4079 673 4142 subito
689 4087 722 4140 et
734 4077 837 4159 plane
850 4079 1019 4142 destrulia
1037 4079 1223 4143 stira-Per
1242 4079 1357 4155 “Vae,

240 4173 326 4238 vae”
343 4171 550 4255 significatur
568 4175 680 4254 gravis
699 4174 910 4247 lamentatio,
930 4183 966 4236 ut
985 4193 1084 4255 supra
1104 4171 1151 4256 (n.
1170 4173 1269 4255 769);
1299 4194 1359 4256 per

240 4269 383 4332 “urbem
406 4267 498 4330 illam
522 4287 680 4348 magnam
688 4268 704 4293 ’⁹
722 4265 929 4350 significatur
948 4267 1158 4348 Religiosum
1178 4265 1357 4331 Catholico

241 4361 443 4436 Romanum,
467 4361 543 4443 quia
566 4362 686 4424 dicitur
710 4358 989 4425 “circumambita
1015 4362 1118 4442 bysso
1147 4371 1183 4425 et
1213 4381 1357 4444 purpura

243 4454 291 4538 [et
317 4454 484 4538 coccino,]
504 4475 543 4518 ac
566 4457 719 4519 inaurata
740 4455 851 4530 auro,’'
869 4455 959 4538 quod
982 4475 1050 4518 non
1074 4455 1139 4518 dici
1168 4465 1283 4536 potest
1314 4456 1356 4518 de

241 4550 331 4624 urbe,
351 4549 411 4614 sed
433 4549 476 4613 de
499 4548 694 4630 Religios03
728 4568 787 4631 per
806 4545 1119 4612 “circumamictam
1141 4548 1254 4630 bysso,
1278 4569 1355 4631 pur·

241 4664 322 4726 pura
351 4655 388 4708 et
417 4645 566 4720 coccino,
590 4654 624 4706 et
655 4645 841 4706 inauratam
873 4663 964 4718 auro,
989 4642 1100 4725 lapide
1130 4643 1289 4725 pretioso,
1319 4653 1355 4706 et

1073 4809 1086 4839 ὁ
