3384 5400
510 679 1062 763 ctr.x1111.,vu1ts.16.-u.746.
1242 763 1246 772 Ι
1283 683 1342 766 641

223 864 258 926 in
275 860 403 937 veruo,
421 860 474 925 ubi
497 860 603 942 Jacob
625 861 962 937 dicitur·“uocatus‚”
977 872 1013 927 et
1037 863 1142 928 lsrael
1159 869 1179 896 “
1190 862 1348 944 eicitusss'

223 957 383 1042 quoniam
406 975 465 1038 per
489 954 704 1036 “Jacobum”
726 957 770 1019 ibi
797 956 1034 1038 intelliguntur
1056 959 1112 1041 qui
1136 961 1171 1022 in
1194 961 1348 1025 externis

224 1051 402 1116 Ecclesiae
414 1061 504 1125 sunt,
518 1063 552 1115 et
563 1071 624 1134 per
638 1057 657 1082 “
667 1050 827 1116 lsraelem
836 1051 852 1076 '¹
863 1054 919 1134 qui
930 1054 965 1116 in
978 1055 1119 1118 internis
1131 1053 1210 1136 ejus.
1245 1055 1346 1138 Quod

224 1147 357 1212 dicatur
371 1147 436 1221 hic,
452 1147 535 1228 “qui
551 1165 627 1210 cum
644 1145 724 1228 Ipso
735 1147 859 1219 vocati,
872 1145 971 1211 eleffl
986 1160 1022 1212 et
1040 1147 1187 1225 fideles,”
1199 1159 1252 1212 est
1268 1151 1348 1234 quia

224 1241 398 1322 praecedit
421 1240 511 1322 quod
532 1240 762 1322 “pugnabunt
786 1261 862 1304 cum
886 1240 1003 1324 Agno,
1027 1253 1063 1306 et
1086 1243 1210 1326 Agnus
1232 1247 1347 1312 vincet

224 1355 284 1399 eos
296 1333 323 1412 ;''
347 1345 384 1398 ut
403 1335 511 1412 sciant
527 1333 617 1416 quod
636 1333 684 1398 illi
695 1355 784 1417 quos
803 1336 969 1399 Dominus
984 1338 1109 1411 vincet,
1126 1337 1190 1403 hoc
1207 1348 1270 1413 est,
1288 1359 1348 1422 per

223 1427 376 1495 Verbum
406 1429 598 1503 convincet,
628 1429 695 1492 sint
724 1449 802 1493 cum
834 1430 915 1513 Ipso
944 1432 978 1493 in
1008 1430 1123 1508 Caelo,
1147 1435 1283 1518 quidam
1311 1435 1347 1498 in

224 1521 332 1588 Caelo
362 1523 491 1599 ultimo,
523 1523 658 1606 quidam
687 1524 721 1586 in
749 1525 911 1606 secundo,
938 1536 974 1591 et
1003 1527 1138 1608 quidam
1169 1529 1202 1590 in
1233 1530 1346 1605 tertio,

225 1619 366 1700 quisque
383 1618 569 1682 secundum
588 1617 834 1701 receptionem.¹

284 1731 382 1802 14³·
407 1729 492 1797 [rors.
506 1729 561 1796 15.]
587 1718 760 1786 “troiam
771 1720 851 1795 mili,
862 1720 967 1804 ioum
980 1741 1060 1804 quur
1073 1723 1179 1796 rioiti,
1190 1723 1349 1788 otilon-

225 1808 290 1872 trir
299 1810 398 1882 rodet,
411 1808 558 1890 populis!
570 1810 679 1876 turim
689 1815 771 1883 tuot,
786 1817 822 1877 ot
830 1816 944 1894 perator
957 1819 991 1875 ot
1002 1813 1164 1896 liopuco,''
1175 1813 1347 1894 significat
1432 1814 1435 1820 '

224 1901 315 1984 quod
329 1901 389 1964 sub
400 1901 553 1966 Dominio
566 1902 697 1984 Papali
708 1903 786 1978 sint,
800 1903 909 1966 sedin
924 1904 1014 1973 veris
1032 1904 1135 1969 Verbi
1145 1927 1167 1968 a
1181 1905 1349 1988 Relzgrbso

224 1995 283 2059 illo
305 1995 526 2062 diversimode
545 1996 745 2062 adulteratis
774 2007 806 2063 et
830 1999 1068 2081 prophanatis,
1092 2000 1153 2082 qui
1177 2022 1220 2065 ex
1248 2000 1348 2065 varii

224 2090 378 2154 doiirina
392 2100 424 2154 et
438 2090 626 2174 disciplina,
641 2102 674 2157 rt
687 2113 730 2156 ex
744 2093 844 2162 varia
856 2092 1014 2176 religione
1026 2103 1060 2171 et
1070 2092 1270 2174 consessione
1279 2095 1347 2177 q'us

225 2191 378 2252 sunt—‘⁴
388 2185 538 2269 Aquae,”
550 2207 633 2268 quas
645 2187 729 2254 uidit
743 2193 762 2220 “
772 2187 826 2252 ubi
838 2187 1002 2260 Meretrix
1013 2189 1348 2271 sedet,⁰’·sunt.aquae

226 2301 313 2363 quae
342 2281 376 2344 in
410 2301 495 2343 vers.
528 2297 539 2345 1
576 2280 671 2362 hujus
705 2283 825 2365 capitis
856 2293 1095 2356 memorantur,
1127 2284 1181 2351 ubi
1214 2283 1347 2357 dicitur,

230 2373 449 2439 “Ostendam
480 2375 541 2438 tibi
560 2374 720 2458 judicium
744 2376 934 2440 Meretricis
956 2377 1107 2442 sedentis
1130 2397 1230 2458 super
1251 2377 1346 2458 aquis

227 2469 370 2534 multis.”
414 2466 515 2550 Quod
545 2490 605 2554 per
630 2477 762 2554 “aquas
771 2471 786 2494 '¹
809 2473 854 2535 ibi
869 2471 1115 2553 significentur
1138 2491 1217 2536 vera
1240 2470 1348 2535 Verbi

228 2565 420 2628 adulterata
442 2576 477 2629 et
500 2565 723 2647 prophanata,
742 2567 897 2630 videatur
919 2586 1019 2648 supra
1039 2564 1085 2647 (n.
1110 2567 1198 2649 719).
1243 2563 1345 2647 Quod

228 2660 359 2727 dicatur
381 2661 472 2743 quod
498 2681 605 2744 aquae
636 2660 713 2727 illae
737 2662 833 2725 “sint
858 2660 982 2745 populi,
1007 2661 1135 2735 turbae,
1159 2670 1282 2744 gentes
1311 2670 1347 2724 et

228 2754 392 2840 linguae,’'
407 2764 461 2818 est
478 2757 554 2838 quia
573 2776 632 2839 per
647 2756 723 2820 illos
739 2756 971 2837 significantur
986 2776 1105 2819 omnes
1121 2756 1176 2837 qui
1195 2755 1258 2819 sub
1274 2754 1346 2819 Do·
1373 2790 1376 2797 ·

228 2851 331 2913 minio
360 2849 470 2932 papali
497 2862 575 2914 sunt
602 2871 646 2913 ex
673 2851 764 2915 varia
790 2848 945 2925 doitriua
970 2861 1006 2914 et
1030 2849 1207 2931 disciplina
1233 2858 1268 2912 et
1295 2870 1347 2914 re·

227 2945 353 3027 ligione
376 2955 411 3008 et
434 2944 664 3023 confessione;
700 2965 761 3029 per
785 2943 979 3029 “populos'’
1001 2946 1090 3009 enim
1117 2942 1348 3025 significantur

228 3040 283 3123 qui
306 3040 340 3102 in
363 3036 516 3101 doiirina
539 3048 617 3103 sunt
642 3036 689 3121 (n.
708 3034 826 3120 4831¹¹),
846 3059 905 3121 per
929 3038 1095 3102 “turbas''
1114 3039 1169 3120 qui
1191 3038 1224 3102 in
1248 3037 1347 3101 disci·

228 3133 330 3218 plina,
350 3153 409 3216 per
429 3132 601 3216 “gentes”
620 3134 675 3215 qui
698 3135 731 3195 in
755 3133 918 3216 religione
943 3131 990 3215 (n.
1008 3133 1099 3215 483),
1118 3143 1153 3195 et
1177 3150 1236 3214 per
1255 3131 1348 3195 “lin-

228 3250 312 3312 guas
321 3226 336 3252 ”
358 3229 413 3310 qui
436 3228 468 3290 in
492 3228 703 3293 consessione
727 3226 775 3310 (n.
800 3230 872 3303 282,
894 3228 984 3310 483).
1029 3225 1129 3307 Quod
1153 3226 1236 3289 haec
1258 3246 1348 3289 nunc

228 3325 394 3398 dicantur,
408 3332 460 3386 est
473 3324 550 3405 quia
562 3324 734 3405 praecedit
747 3323 790 3385 de
803 3323 997 3405 receptione
1009 3332 1044 3386 et
1057 3319 1232 3385 intelleim
1243 3320 1349 3384 Verbi

229 3419 273 3482 ab
291 3417 356 3481 illis
374 3418 480 3501 qui-in
500 3418 572 3499 ipso
592 3416 767 3499 Religioso
786 3416 966 3481 Catholico
981 3426 1059 3479 sunt
1077 3414 1112 3496 (a
1127 3436 1212 3479 vers.
1229 3414 1348 3496 8-11);

228 3524 264 3577 et
284 3522 405 3595 postea
420 3512 464 3574 de
480 3512 677 3594 receptione
695 3521 730 3574 et
751 3508 931 3575 intellthu
950 3509 1054 3574 Verbi
1073 3530 1092 3573 a
1115 3510 1218 3572 nobili
1237 3508 1349 3573 Gente

230 3606 362 3672 Gallica
382 3603 520 3687 (avers.
540 3604 674 3691 12-14);
704 3605 757 3668 hic
781 3598 894 3687 itaq'ue
912 3604 955 3667 de
974 3605 1168 3687 receptione
1190 3612 1225 3666 et
1249 3602 1349 3665 intel-

230 3699 321 3766 leilu
343 3698 448 3765 Verbi
471 3700 560 3783 apud
583 3696 729 3782 reliquos
752 3700 815 3762 sub
837 3698 997 3762 Dominio
1019 3696 1150 3779 papali:
1186 3696 1349 3778 posthaec

229 3796 381 3878 sequitur
398 3793 499 3875 (vers.
519 3794 557 3856 16
572 3803 607 3857 et
628 3792 678 3875 17)
696 3794 739 3857 de
756 3793 1047 3868 Protestantibus;
1069 3794 1119 3854 ita
1136 3793 1169 3853 in
1185 3790 1277 3873 justo
1295 3810 1349 3853 or·

231 3892 310 3955 dine
325 3891 438 3954 omnia
454 3886 626 3972 praedista
641 3897 728 3953 sunt.
775 3886 876 3969 Quod
895 3887 957 3951 sub
973 3887 1133 3950 Dominio
1149 3885 1263 3967 Papali
1282 3885 1349 3948 sint

229 3986 286 4070 qui
313 3986 346 4047 in
373 3985 465 4047 varia
491 3980 655 4057 doctrina,
679 3982 865 4064 disciplina.
889 3981 1051 4062 religione
1078 3990 1112 4043 et
1139 3979 1350 4043 consessione

231 4089 322 4154 sunt,
339 4088 457 4142 notum
477 4088 550 4156 est;
574 4096 641 4139 non
661 4077 749 4139 enim
769 4076 922 4139 similiter
940 4074 1062 4138 colitur
1081 4074 1290 4155 Religiosum
1309 4073 1349 4136 il-

231 4174 288 4238 lud
307 4174 340 4236 in
359 4173 458 4235 variis
477 4171 616 4253 Regnis.

288 4274 390 4358 746.
416 4284 501 4351 [Vm.
517 4282 569 4350 nt]
596 4279 614 4309 ⁸
622 4270 660 4335 fr
671 4273 777 4335 docem
791 4270 912 4335 Cornua
923 4289 1003 4354 queo
1019 4268 1119 4333 vidisti
1128 4287 1223 4349 cuper·
1232 4267 1350 4341 Berlin,

232 4364 264 4427 11·
276 4365 342 4430 odio
356 4362 508 4427 iubebunt
520 4361 749 4434 'enutrimini'
764 4360 934 4443 significat
958 4359 1099 4424 Verbum
1113 4358 1226 4441 quoad
1232 4368 1350 4438 poten·

231 4457 312 4520 tiam
329 4478 372 4520 ex
388 4455 523 4519 Divinis
548 4453 642 4519 Veris
660 4454 755 4535 apud
767 4452 1007 4527 Protestantes,
1027 4452 1087 4534 qui
1093 4452 1216 4534 Jirgum
1233 4449 1349 4513 Domi·

231 4550 281 4613 nii
295 4549 441 4631 Papalis
463 4572 484 4612 o
507 4570 542 4612 se
558 4559 702 4630 prorsus
721 4548 1093 4632 mearunt-Dicitur,
1113 4545 1166 4608 hic
1190 4555 1227 4608 ut
1250 4564 1350 4626 supra

232 4643 331 4729 (vers.
353 4644 417 4727 12),
436 4649 454 4675 ‘¹
466 4644 584 4717 decem
601 4664 724 4707 cornua
740 4662 825 4726 quae
842 4642 954 4705 vidisti
965 4640 991 4721 ;”
1014 4642 1069 4717 ibi,
1088 4639 1234 4702 “decem
1250 4658 1349 4736 reges
