3384 5400
671 682 930 756 mocncvpsu.

551 1336 834 1433 CAPUT
908 1336 1042 1433 XX.

362 1756 499 1831 Tvidi
528 1754 718 1855 Angelum
745 1755 1033 1830 descendentem
1063 1755 1112 1829 de
1142 1754 1258 1831 Caelo
1292 1756 1356 1831 ha-
1441 1732 1443 1739 ,

233 1758 538 2035 Ebentem
572 1871 714 1947 clavem
748 1872 882 1969 abyssi,
912 1888 951 1945 et
984 1886 1152 1946 catenam
1182 1898 1357 1971 magnam

366 2010 369 2021 ·
387 2011 500 2083 super
516 2012 627 2060 manu
644 2012 721 2060 sua

286 2126 320 2175 2.
355 2100 404 2175 Et
413 2100 694 2198 comprehendit
706 2102 916 2175 Draconem
925 2100 1144 2197 Serpentem
1154 2100 1356 2199 antiquum,

231 2216 297 2315 qui
314 2233 373 2291 est
391 2215 570 2291 Diabolus
583 2232 621 2289 et
635 2216 799 2299 Satanas,
813 2230 853 2289 et
869 2215 994 2314 ligavit
1006 2241 1092 2289 eum
1106 2214 1203 2289 mille
1217 2241 1334 2291 annos
1346 2242 1354 2299 ;

285 2354 319 2424 3.
355 2331 403 2404 Et
419 2331 574 2429 conjecit
590 2356 677 2403 eum
695 2331 731 2403 in
749 2331 937 2427 abyssum,
955 2347 994 2404 et
1008 2328 1185 2404 conclusit
1202 2355 1300 2414 eum,
1318 2349 1357 2405 et

231 2446 444 2544 obsignavit
459 2471 571 2542 super
592 2471 651 2529 eo,
669 2462 710 2519 ut
736 2470 811 2518 non
829 2445 1024 2519 seduceret
1038 2461 1172 2543 gentes
1189 2445 1354 2543 amplius,

230 2560 354 2634 donec
371 2577 713 2634 consummarentur
730 2558 829 2633 mille
845 2559 951 2643 anni;
978 2574 1017 2635 et
1034 2574 1118 2656 post
1135 2558 1225 2633 haec
1242 2585 1353 2657 opor·

229 2691 286 2748 tet
302 2700 388 2749 eum
405 2672 500 2749 solvi
517 2675 693 2773 exiguum
711 2690 869 2772 tempus.

281 2811 318 2880 4.
355 2789 402 2863 Et
418 2789 493 2863 vidi
509 2789 674 2872 thronos,
691 2806 730 2863 et
746 2790 997 2863 consederunt
1013 2815 1124 2886 super
1141 2788 1194 2872 iis,
1209 2807 1247 2864 et
1258 2790 1353 2888 judi-

229 2906 329 2979 cium
354 2904 480 2978 datum
509 2919 567 2978 est
596 2903 684 2988 illis;
722 2921 761 2979 et
785 2905 927 2978 animas
952 2905 1070 2978 securi
1096 2929 1354 3000 percussorum

229 3035 384 3117 propter
399 3019 650 3093 testimonium
674 3020 773 3116 Jesu,
792 3035 831 3092 et
856 3035 1008 3116 propter
1027 3019 1191 3092 Verbum
1216 3021 1299 3102 Dei,
1317 3038 1356 3094 et

229 3133 295 3231 qui
322 3158 397 3207 non
424 3133 672 3208 adoraverunt
699 3133 877 3215 Bestiam..
890 3158 1012 3230 neque
1039 3133 1239 3232 imaginem
1263 3136 1354 3234 ejus,

230 3272 355 3345 neque
385 3263 605 3344 acceperunt
634 3245 888 3322 characterem
918 3273 1029 3344 super
1061 3247 1181 3320 fronte
1216 3273 1284 3322 sua
1317 3267 1356 3322 et

229 3386 346 3460 super
374 3387 485 3435 manu
518 3386 605 3446 sua;
644 3377 683 3434 et
716 3360 887 3436 vixemnt
920 3378 960 3435 et
993 3378 1242 3460 regnavemnt
1271 3388 1354 3436 cum

230 3477 381 3550 Christo
399 3474 495 3550 mille
512 3475 654 3552 annosi¹¹

282 3593 317 3666 5.
354 3591 402 3665 Et
419 3589 548 3688 reliqui
561 3607 790 3665 mortuorum
804 3615 879 3666 non
894 3591 1118 3674 revixerunt,
1132 3590 1251 3665 donec
1265 3616 1353 3665 con-

229 3721 505 3780 summarentur
534 3705 631 3779 mille
661 3707 771 3779 anni:
808 3705 900 3779 haec
934 3703 994 3779 ilia
1027 3720 1085 3779 est
1116 3705 1355 3782 Resurrectio

230 3821 361 3918 prima.
899 3877 902 3884 .

280 3939 317 4008 6.
353 3933 489 4008 Beatus
499 3948 538 4008 et
548 3931 697 4008 sanctus
708 3934 850 4008 habens
862 3949 1004 4032 partem
1018 3933 1054 4007 in
1068 3931 1355 4009 Resurrectione

230 4050 370 4146 prima;
408 4073 522 4146 super
547 4048 617 4122 hos
641 4074 741 4122 mors
758 4048 874 4124 altera
891 4072 965 4122 non
984 4048 1097 4122 habet
1120 4063 1354 4146 potestatem,

229 4163 300 4238 sed
316 4180 425 4238 erunt
440 4162 654 4238 sacerdotes
672 4163 746 4236 Dei
762 4180 802 4237 et
817 4162 965 4247 Christi,
982 4180 1022 4238 et
1047 4163 1256 4262 regnabunt
1272 4189 1355 4237 cum

231 4279 322 4377 Ipso
338 4277 437 4351 mille
454 4287 586 4352 ann‘os.

282 4412 317 4484 7.
353 4393 402 4466 Et
426 4393 575 4490 quando
592 4393 836 4466 consummati
854 4408 940 4466 sunt
961 4390 1060 4466 mille
1077 4391 1175 4475 anni,
1193 4389 1356 4465 solvetur

231 4507 390 4582 Satanas
401 4533 430 4581 e
448 4532 594 4581 carcere
612 4531 690 4580 suo.

281 4625 318 4697 8.
354 4622 402 4695 Et
420 4621 536 4695 exibit
548 4622 725 4695 seducere
738 4638 874 4722 gentes
890 4647 989 4721 quae
1007 4622 1043 4695 in
1061 4637 1219 4720 quatuor
1235 4645 1353 4719 angu-
