3384 5400
568 654 646 705 can.
662 653 748 715 inv..
765 653 869 704 vans.
890 654 1015 721 13.-u.
1030 640 1102 723 639.
1331 656 1390 728 545

276 825 365 908 quod
385 825 428 888 sit
443 824 486 888 de
501 832 593 888 statu
611 823 744 888 illorum
760 833 838 906 post
854 834 998 888 mortem
1014 825 1068 907 qui
1084 846 1104 888 e
1120 825 1218 889 Nova
1236 824 1393 890 Ecclesia

277 919 384 1001 Ipsius
399 928 507 994 erunt,
524 929 576 982 est
592 921 668 1000 quia
684 919 727 982 de
744 919 803 982 illo
822 929 915 981 statu
933 919 966 980 in
985 918 1049 981 lroc
1065 939 1163 981 versu
1178 921 1308 1000 agitur;
1332 940 1392 1002 per

278 1013 488 1075 “morientes
504 1033 523 1074 a
539 1031 625 1074 nunc
634 1011 649 1037 ”
661 1011 867 1093 signIficatur
879 1021 989 1074 status
1001 1031 1115 1074 eorum
1132 1024 1208 1095 post
1225 1023 1369 1077 mortem
1382 1035 1390 1090 ;

279 1105 442 1181 “scribe,”
464 1104 632 1187 significat
655 1115 690 1168 ut
713 1107 812 1169 sitin
835 1105 1104 1169 recordationem
1128 1109 1319 1188 posteritati
1344 1106 1391 1189 (n.

278 1215 326 1279 39,
342 1197 420 1281 63);
443 1220 502 1282 per
518 1204 537 1232 ⁴⁴
547 1199 665 1262 beatos
673 1199 688 1223 ’'
704 1199 936 1281 significantur
950 1199 996 1262 illi
1012 1200 1130 1281 quibus
1145 1201 1216 1263 vita
1234 1211 1269 1264 et
1287 1201 1391 1281 felici·

276 1303 329 1356 tas
355 1304 493 1356 aeterna
519 1303 582 1367 est,
610 1293 767 1375 quoniam
793 1294 826 1356 hi
853 1294 943 1357 beati
970 1302 1067 1380 sunt;
1100 1313 1159 1375 per
1189 1300 1368 1358 “mortuos
1377 1296 1392 1320 ''

276 1385 506 1467 significantur
535 1388 590 1469 qui
619 1386 811 1450 afflixerunt
841 1389 989 1450 animam
1018 1408 1123 1460 suam,
1154 1387 1391 1453 crucifixerunt

277 1499 411 1543 carnem
434 1501 538 1555 suam,
562 1491 598 1544 et
619 1482 829 1544 tentationes
852 1482 941 1562 passi
963 1492 1062 1559 sunt;
1096 1483 1186 1564 quod
1208 1481 1241 1544 hi
1264 1481 1391 1546 intelli-

276 1584 398 1656 gantur
421 1575 473 1638 hic
496 1595 555 1657 per
578 1575 780 1638 “mortuos'’
802 1576 971 1639 videbitur
992 1575 1094 1652 infra3
1121 1576 1210 1658 quod
1233 1575 1299 1639 illis
1321 1578 1392 1640 vita

277 1678 311 1731 et
333 1667 475 1731 felicitas
497 1680 635 1732 aeterna
657 1671 711 1744 sit,
731 1670 786 1751 qui
809 1671 1018 1733 tentationes
1040 1671 1129 1751 passi
1151 1679 1229 1732 sunt
1253 1680 1391 1752 propter

276 1760 378 1825 fidem
400 1763 433 1824 in
457 1762 638 1825 Dominum
662 1773 696 1826 et
719 1773 857 1845 propter
876 1765 979 1826 vitam
1003 1763 1187 1826 secundum
1210 1774 1393 1845 praecepta

277 1855 395 1936 Ipsius,
423 1865 518 1937 patet
546 1876 567 1919 a
598 1876 680 1920 mox
710 1857 1002 1931 antecedentibus,
1030 1857 1084 1919 ubi
1110 1857 1241 1931 dicitur,
1270 1855 1393 1920 “Hicl¹¹

276 1950 440 2031 patientia
455 1947 656 2026 sanctorum,
669 1950 722 2014 hic
739 1952 970 2014 custodientes
986 1951 1147 2013 mandata
1163 1950 1225 2014 Dei
1241 1960 1277 2014 et
1289 1949 1391 2014 fidem

275 2043 383 2124 Josu,”
406 2064 465 2126 per
487 2065 571 2126 quae
597 2044 803 2127 significatur
829 2045 918 2127 quod
945 2045 1048 2107 homo
1074 2044 1192 2108 Novae
1219 2043 1393 2108 Ecclesiae

277 2157 335 2220 per
357 2140 566 2201 tentationes
584 2138 785 2220 'exploretur
803 2138 911 2221 qualis
934 2149 987 2202 est
1010 2138 1120 2220 quoad
1143 2141 1250 2201 vitam
1272 2158 1393 2202 secun·

277 2231 355 2294 dum
376 2243 566 2314 praecepta,
583 2244 617 2296 et
633 2233 743 2315 quoad
760 2231 860 2296 fidem
877 2235 909 2296 in
928 2232 1108 2295 Dominum
1127 2231 1295 2314 (videatur
1310 2253 1393 2296 mox

277 2346 377 2408 supra
392 2346 424 2388 n.
435 2324 512 2410 638)
527 2348 534 2403 ;
558 2337 592 2390 et
609 2347 652 2390 ex
666 2327 892 2409 sequentibus
907 2336 941 2390 et
956 2328 1193 2408 “requiescent
1209 2346 1253 2389 ex
1271 2324 1393 2389 labori-

278 2420 338 2482 bus
357 2419 452 2495 suis‚’'
467 2439 526 2502 per
541 2441 626 2502 quae
644 2419 849 2502 significatur
865 2420 953 2502 quod
973 2440 1091 2502 pacem
1110 2420 1254 2482 habituri
1272 2419 1340 2482 sint
1358 2421 1392 2483 in

278 2514 435 2588 Domino,
455 2515 510 2597 qui
532 2517 657 2578 tentati
679 2523 757 2578 sunt
782 2513 840 2595 (de
860 2514 979 2596 quibus
1001 2534 1083 2577 mox
1106 2513 1189 2576 inira
1211 2533 1242 2576 n.
1265 2510 1392 2596 640¹'¹);

277 2629 335 2690 per
355 2611 592 2672 “tentationes
600 2608 614 2632 ”
632 2608 686 2673 hic
710 2608 944 2690 intelliguntur
963 2609 1171 2671 tentationes
1192 2606 1392 2689 spirituales,

277 2724 361 2786 quae
380 2706 532 2767 existunt
551 2704 639 2785 apud
657 2702 733 2766 illos
752 2704 807 2785 qui
830 2701 931 2766 fidem
950 2704 983 2765 in
1007 2702 1188 2766 Dominum
1210 2702 1338 2767 habent
1357 2713 1392 2767 et

277 2800 394 2862 vivunt
424 2798 607 2861 secundum
645 2807 826 2880 praecepta
863 2796 981 2878 Ipsius,
1013 2797 1092 2858 dum
1122 2796 1229 2859 malos
1258 2797 1393 2879 spiritus

278 2893 364 2975 apud
388 2912 435 2967 se,
455 2894 511 2975 qui
533 2912 634 2955 unum
652 2902 759 2974 agunt
783 2911 858 2954 cum
878 2891 1158 2973 concupiscentiis
1176 2910 1301 2964 eorum,
1321 2892 1392 2955 abi-

278 2999 373 3069 gunt.
418 2986 641 3050 Tentationes
664 2985 741 3049 illae
759 2984 990 3067 significantur
1008 3005 1067 3067 per
1085 2984 1271 3047 “crucem”
1289 2986 1323 3047 in
1341 2986 1393 3048 his

279 3080 378 3145 locis:

329 3228 478 3307 “Quisquis
496 3226 678 3341 npndpuschiplt
689 3240 794 3340 crpcem
812 3240 898 3284 suam,
912 3234 939 3275 et
950 3225 1068 3289 sequitur
1079 3232 1140 3287 post
1157 3223 1211 3283 Me,
1225 3239 1281 3274 non
1292 3234 1335 3274 est
1347 3224 1393 3275 Me

329 3362 345 3382 ‘⁴
352 3295 512 3424 Jestlisllilllll,
525 3292 552 3408 Sl
561 3299 620 3421 qlll
630 3307 686 3406 rull
695 3292 759 3421 {dal
770 3354 815 3405 Me
824 3356 925 3414 venire,
934 3356 1049 3418 abneget
1057 3370 1087 3404 se
1096 3354 1192 3417 Ipsum,
1203 3354 1279 3404 tollat
1287 3369 1392 3404 crucem

406 3433 532 3552 mamper
543 3432 668 3487 sequatur
682 3422 726 3472 Me
734 3422 748 3442 ”
760 3422 868 3485 (Marti.
880 3422 934 3471 xvi.
945 3433 993 3481 24;
1020 3421 1084 3470 Luc.
1095 3421 1130 3470 ix.
1142 3430 1240 3481 23-253
1266 3434 1324 3482 cap.
1336 3420 1390 3471 xlv.

407 3502 422 3537 2
440 3501 490 3549 ,27
510 3502 515 3548 ;

279 3643 349 3697 tum
367 3654 428 3717 per
446 3631 722 3697 “crucifixionem
740 3629 872 3694 carnis”
889 3631 978 3712 apud
997 3628 1155 3692 Paulum:
1267 3664 1271 3669 ι

301 3812 303 3819 ·
329 3792 404 3857 “Qui
416 3791 519 3918 Chpptoi
527 3799 597 3904 alunt,
611 3804 718 3917 cprnem
730 3789 886 3851 crucifigunt
896 3802 957 3837 cum
975 3786 1144 3850 passionibus
1160 3795 1188 3836 et
1204 3786 1392 3849 concupiscen-

407 3868 450 3908 urs
517 3871 588 3905 Μ.
601 3868 650 3916 24.

279 4010 378 4092 Quod
401 4030 459 4093 per
479 4015 658 4072 “mortuos
666 4008 681 4033 '¹
698 4006 930 4090 significentur
952 4007 1007 4088 qui
1029 4004 1222 4069 afflixerunt
1243 4006 1391 4067 anImam

280 4124 383 4182 suam,
415 4102 651 4167 crucifixerunt
683 4121 818 4166 carnem
852 4120 956 4175 suam,
987 4109 1022 4162 et
1059 4100 1267 4163 tentationes
1304 4099 1393 4180 passi

280 4208 367 4274 sunt,
391 4208 443 4261 est
466 4198 543 4280 quia
569 4216 628 4279 per
649 4195 707 4258 illa
733 4193 1020 4258 mortilicaverunt
1043 4194 1147 4256 vitam
1175 4192 1329 4274 priorem,
1356 4201 1392 4255 et

280 4291 357 4355 inde
382 4294 468 4371 sleut
499 4291 622 4353 mortui
651 4286 729 4353 satu
759 4299 837 4353 sunt
867 4307 981 4352 coram
1011 4288 1170 4364 mundo;.
1194 4305 1272 4348 nam
1304 4286 1392 4349 dixit

280 4384 453 4461 Dominus,

331 4546 347 4566 “
356 4543 413 4595 Nisi
424 4558 537 4609 granum
547 4544 624 4593 tritici
636 4543 663 4592 in
674 4552 771 4592 terram
780 4543 878 4593 cadens
888 4541 1027 4597 Moriatur,
1039 4541 1066 4590 id
1077 4540 1164 4589 solnm
1173 4549 1279 4600 manen
1296 4539 1320 4590 si
1329 4554 1393 4590 vero

410 4609 548 4669 Moriatur,
563 4608 675 4659 multum
688 4605 803 4658 lruc‘lum
815 4607 888 4658 lert”
900 4606 975 4672 (Joh.
986 4607 1031 4657 xii.
1047 4606 1095 4667 24).
