3384 5400
784 668 1039 721 APOCALYPSIS.

653 1290 933 1429 cnrur
992 1330 1166 1426 xix.

463 1742 566 1817 OST
591 1741 681 1816 haec
700 1742 821 1815 audivi
844 1758 1018 1838 tanquam
1039 1766 1167 1815 vocem
1189 1738 1316 1813 turbae
1336 1736 1461 1813 multae

355 1742 460 2017 P
488 1857 525 1929 in
554 1856 678 1942 Caela
705 1856 856 1931 dicentis
885 1856 1048 1954 Alleluja,
1079 1854 1184 1929 Salus
1214 1870 1252 1928 et
1281 1854 1403 1929 Gloria
1427 1868 1462 1927 et

491 1974 624 2047 Honor
640 1989 678 2047 et
696 1973 862 2046 Potentia
881 1973 1044 2046 Domino
1063 1972 1148 2044 Deo
1166 1986 1310 2043 nostro:

400 2114 432 2163 a.
467 2089 565 2183 Quia
586 2114 674 2161 vera
695 2104 734 2161 et
750 2090 851 2185 justa
867 2086 1000 2186 judicia
1025 2086 1162 2182 ipsius;
1194 2084 1279 2182 quia
1295 2082 1462 2184 judicavit

349 2204 579 2278 Meretricem
602 2228 784 2301 magnam,
802 2228 897 2299 quae
919 2201 1077 2297 corrupit
1097 2216 1230 2273 terram
1252 2201 1461 2273 scortatione

346 2344 422 2399 sua,
434 2335 472 2392 et
483 2319 678 2391 vindicavit
690 2318 906 2415 sanguinem
920 2341 1109 2390 servorum
1126 2316 1284 2389 Suorum
1298 2314 1345 2389 de
1359 2338 1461 2389 manu

346 2434 436 2531 ejus.
583 2510 590 2525 ‚

398 2570 430 2640 3.
466 2548 515 2621 Et
524 2546 685 2622 secundo
696 2547 876 2632 dixemnt,
889 2544 1061 2643 Alleluja;
1079 2560 1117 2618 et
1127 2544 1247 2619 sumus
1258 2545 1334 2643 ejus
1344 2566 1460 2617 ascen-
1498 2573 1502 2583 ·

347 2660 423 2735 ditm
442 2662 477 2736 in
495 2662 638 2737 saecula
653 2661 889 2736 saeculorum.

397 2801 432 2869 4.
467 2777 515 2850 Et
525 2778 756 2874 procidemnt
769 2777 942 2851 Seniores
953 2775 1079 2874 viginti
1093 2791 1259 2874 quatuor,
1268 2790 1305 2848 et
1315 2789 1464 2873 quatuor

348 2891 538 2971 Animalia,
547 2907 585 2965 et
594 2891 839 2965 adoraverunt
851 2892 973 2964 Deum
985 2891 1174 2964 sedentem
1186 2913 1297 2986 super
1305 2889 1463 2968 Thronm

347 3007 519 3088 dicentes,
538 3005 673 3088 Amen,
692 3005 856 3103 Alleluja.

399 3121 432 3192 5.
468 3119 516 3192 Et
535 3146 609 3194 vox
636 3119 831 3194 eThrono
856 3119 977 3202 exivit,
999 3119 1132 3202 dicens,
1157 3117 1318 3192 Laudate
1347 3120 1467 3192 Deum

349 3251 522 3318 nostrum,
537 3259 666 3309 omnes
678 3236 774 3308 servi
789 3235 916 3332 Ipsius,
932 3251 970 3308 et
982 3235 1152 3306 timentes
1168 3232 1301 3332 Ipsum,
1314 3250 1352 3308 et
1370 3227 1470 3332 parvi

347 3364 386 3422 et
401 3348 534 3446 magni.

398 3465 433 3536 6.
467 3463 515 3537 Et
535 3463 655 3537 audivi
676 3479 849 3561 tanquam
872 3487 1000 3536 vocem
1022 3463 1149 3536 turbae
1171 3462 1314 3546 multae,
1333 3479 1371 3536 et
1391 3479 1472 3537 tan·

347 3605 456 3676 quam
486 3605 617 3653 vocem
644 3606 820 3677 aquarum
849 3579 1051 3662 multarum,
1078 3595 1116 3652 et
1141 3593 1313 3675 tanquam
1341 3601 1476 3654 vocem

347 3696 544 3768 tonitruum
557 3695 841 3779 vehementium,
854 3695 1060 3780 dicentium,
1072 3693 1235 3793 Alleluja,
1247 3695 1333 3792 quia
1342 3704 1477 3793 regnat

350 3811 531 3884 Dominus
550 3811 653 3883 Deus
672 3810 928 3907 Omnipotens

400 3944 433 4015 7.
467 3923 702 3999 Gaudeamus
724 3941 761 3998 et
778 3925 983 3998 exultemus
1003 3941 1041 3998 et
1061 3924 1191 3998 demus
1210 3922 1363 4022 gloriam
1386 3919 1474 4020 ipsi,

348 4037 435 4134 quia
451 4055 631 4112 venerunt
649 4040 795 4136 nuptiae
813 4039 925 4138 Agni,
944 4056 981 4114 et
1001 4039 1107 4113 Uxor
1126 4040 1242 4136 Ipsius
1262 4037 1403 4134 paravit
1421 4060 1474 4110 se.

400 4155 434 4225 8.
470 4153 518 4225 Et
545 4152 669 4228 datum
701 4153 746 4227 iili
774 4171 813 4228 ut
842 4155 1058 4228 amiceretur
1086 4153 1234 4250 byssino
1265 4151 1403 4226 mundo
1434 4162 1473 4226 et

350 4265 552 4363 splendido,
571 4293 655 4341 nam
673 4269 861 4364 byssinum
874 4269 1033 4368 justitiae
1050 4265 1268 4341 sandtorum.

401 4400 435 4466 9.
471 4377 518 4450 Et
535 4377 626 4450 dixit
643 4379 741 4462 mihi,
761 4379 898 4463 Scribe,
914 4379 1015 4453 Beati
1033 4379 1094 4475 qui
1112 4377 1157 4451 ad
1176 4377 1338 4450 Caenam
1355 4375 1464 4474 nupti·

351 4516 454 4564 arum
473 4491 574 4591 Agni
592 4493 707 4567 vocati
725 4510 828 4579 sunt;
857 4511 894 4568 et
910 4494 1009 4578 dixit,
1030 4493 1135 4567 Haec
1150 4493 1263 4568 verba
1280 4517 1367 4566 vera
1388 4503 1465 4565 sunt

352 4604 436 4678 Dei.
