3384 5400
598 656 679 709 CAP·
695 657 785 721 xxl,
801 656 1016 710 CONTENTA.
1306 648 1368 729 787

386 826 445 877 Vero
453 827 481 876 in
492 827 571 877 Sensu
578 828 709 892 spirituali
718 828 757 894 [n.
767 828 848 895 911];
867 836 880 857 ¹¹
888 832 916 881 st
927 828 989 882 urbs
998 844 1090 881 aarum
1099 843 1195 896 param
1202 828 1290 883 simite
1304 831 1370 883 eitra

375 895 471 961 petto,”
484 894 608 959 significat
619 896 688 960 quad
698 896 758 944 inde
767 912 839 944 amne
852 896 978 946 Ecclesiae
989 898 1059 946 illius
1069 898 1102 946 sit
1118 898 1209 947 bonum
1223 900 1318 947 amoris
1329 901 1368 949 in-

366 961 455 1027 fluens
465 978 520 1010 una
531 978 588 1011 eum
599 963 653 1010 luce
663 978 676 1011 e
689 963 761 1011 Caelo
771 978 788 1010 a
799 962 913 1011 Domina
926 963 965 1029 [n.
979 963 1052 1029 912].

243 1068 286 1123 19,
298 1070 339 1108 ea
353 1055 405 1109 -tc
414 1058 579 1112 tentamenta
591 1058 661 1110 mori
672 1058 744 1112 artis
760 1059 830 1110 omni
845 1058 931 1125 lapide
945 1059 1061 1125 pretiosa
1078 1061 1233 1118 exornata,''
1245 1061 1369 1127 signifieat

375 1127 444 1189 quad
463 1127 549 1175 omnia
569 1127 700 1175 doctrinae
719 1126 807 1175 Novae
827 1126 1013 1189 lleerosalymae
1031 1144 1063 1175 ex
1083 1128 1162 1176 Εειιιιι
1185 1129 1272 1177 literae
1298 1130 1371 1179 Verbi
1463 1142 1465 1147 ’

375 1193 502 1256 desumpta
519 1194 591 1257 apud
604 1193 659 1242 illos
710 1193 722 1241 i
737 1194 774 1242 ili
787 1201 857 1251 sunt,
874 1194 1025 1257 apparitura
1040 1195 1095 1243 sint
1113 1194 1142 1242 in
1163 1195 1218 1244 luce
1232 1198 1368 1245 secundum

376 1260 534 1322 receptionem
559 1259 598 1325 [ιι.
622 1210 709 1375 ριιῐζ
737 1260 955 1313 “tundamentum
975 1258 1087 1326 primam
1106 1260 1201 1327 jaspis,
1224 1260 1368 1313 amandum

376 1324 524 1390 sapphirus,
537 1324 642 1377 notiam
659 1340 674 1377 a
690 1324 846 1383 aloedonias,
859 1330 979 1392 quamam
996 1328 1161 1393 smarapdas,
1174 1326 1289 1393 quintum
1306 1343 1367 1380 nar·

376 1392 468 1457 donee,
488 1396 591 1444 sertam
612 1392 726 1450 sardius,
744 1392 882 1509 sel’timam
903 1392 1085 1458 chrysolithus,
1105 1397 1223 1445 aeneam
1245 1393 1367 1460 tespites,

375 1472 468 1509 nonam
479 1458 607 1524 topazium
614 1457 765 1510 deoe’moms
781 1473 948 1526 rysaptasus,
959 1458 1119 1511 eniminum
1129 1459 1290 1526 hyacinthus,
1300 1459 1366 1513 duo-

375 1522 502 1577 decimam
513 1525 706 1591 amethystus,''
714 1524 834 1589 signifians
843 1526 930 1575 omnia
939 1526 1070 1574 doctrinae
1078 1528 1148 1575 itlius
1158 1543 1190 1575 ee
1205 1526 1277 1575 Verbi
1287 1528 1367 1576 Smne

374 1590 463 1642 literae
478 1592 508 1640 in
523 1608 567 1641 sua
584 1592 672 1641 ordine
687 1594 759 1655 apud
773 1592 828 1641 illos
843 1593 890 1657 qui
906 1590 1048 1641 immediate
1063 1594 1160 1641 adeunt
1175 1594 1327 1651 Dominum,
1345 1602 1369 1643 et

378 1656 612 1705 vivuntsecundum
616 1662 746 1719 praecepta
755 1655 1007 1721 Decalagifngienda
1013 1658 1083 1705 mala
1092 1664 1122 1707 ut
1123 1666 1224 1723 peccata
1229 1677 1243 1719 ,⁸
1259 1660 1291 1711 hi
1297 1664 1365 1713 enim

378 1730 402 1772 et
412 1738 462 1770 non
474 1724 523 1771 alii
532 1723 561 1770 in
570 1722 687 1770 dotto-ina
695 1722 789 1770 ansom's
800 1722 828 1770 in
840 1722 925 1770 Deum
937 1727 961 1770 et
971 1724 1065 1773 amoris
1072 1741 1132 1789 erga
1138 1728 1287 1789 proximum
1296 1740 1365 1789 sunt,

377 1805 442 1854 quae
452 1790 502 1837 duo
512 1788 751 1852 suntfiendamenta
763 1788 890 1852 religionis
904 1788 942 1854 [n.
955 1787 1029 1853 915].

244 1896 287 1935 ιι.
311 1892 325 1913 ’
334 1884 508 1937 mansissem
521 1888 615 1951 partae
626 1880 760 1935 duodenos
771 1882 938 1949 maseatitas,
951 1886 978 1935 et
990 1881 1149 1950 amassetis
1164 1886 1299 1949 pat-taem
1311 1894 1372 1935 oras

378 1965 411 2003 ox
428 1965 479 2003 aaa
496 1950 668 2016 margarita,”
681 1948 801 2014 signiam
812 1951 880 2015 quad
893 1951 991 2015 agnitio
1007 1957 1031 1999 et
1046 1952 1152 2015 cognitio
1162 1950 1273 1999 Domini
1287 1966 1372 1999 omnes

377 2018 526 2082 cognitiones
536 2017 594 2067 veri
603 2024 628 2066 et
636 2018 702 2075 boni,
714 2033 778 2080 qnae
788 2033 821 2065 ex
836 2016 910 2065 Verbo
920 2024 990 2074 stent,
1002 2018 1061 2065 con'
1078 2024 1141 2081 ngat
1151 2017 1179 2065 in
1192 2032 1283 2075 ussum,
1295 2024 1319 2065 et
1329 2018 1369 2066 in-

377 2086 494 2133 troducat
503 2085 532 2132 in
544 2084 682 2133 Ecclesiam
697 2083 736 2149 [n.
749 2082 828 2148 9¹⁶];
848 2090 860 2110 ·
868 2086 897 2134 et
908 2084 997 2149 platea
1010 2096 1042 2133 ar
1057 2080 1081 2134 is
1092 2097 1185 2135 aarum
1200 2096 1295 2149 parem
1309 2088 1369 2135 tum·

377 2164 454 2217 actam
467 2149 561 2202 vitrum
575 2148 760 2215 pellucidum,''
772 2147 893 2213 signifiat
904 2150 973 2213 quod
981 2165 1053 2197 amne
1062 2166 1153 2199 venem
1165 2149 1290 2199 Ecclesiae
1301 2151 1371 2198 illius

376 2224 402 2266 et
411 2216 542 2266 dotlrinae
551 2218 605 2282 ejus
619 2218 653 2266 sit
668 2218 698 2265 in
707 2216 798 2281 forma
814 2215 907 2265 bonurn
923 2216 1018 2265 amaru
1035 2216 1145 2283 influens
1156 2232 1211 2264 urea
1222 2232 1279 2265 nene
1294 2217 1347 2264 luce
1358 2233 1371 2264 e

380 2283 452 2333 Caelo
462 2299 480 2330 a
491 2283 605 2332 Domino
618 2282 657 2350 [n.
670 2281 745 2349 917].

243 2390 287 2429 ιι.
310 2377 363 2430 'ft
375 2375 502 2443 Templum
519 2392 568 2429 non
588 2376 641 2429 ridi
654 2376 681 2429 in
699 2391 737 2435 sa,
755 2374 815 2444 qaia
833 2375 955 2429 dominas
972 2376 1041 2429 teas
1059 2374 1222 2443 Omnipotens
1241 2374 1368 2442 Tampium

377 2444 436 2511 astte
448 2448 491 2496 oti
506 2448 533 2495 ai
548 2443 666 2511 Apuan,''
677 2443 798 2507 signifians
809 2445 878 2508 quad
887 2445 915 2492 in
927 2443 976 2492 hac
989 2444 1100 2493 Ecclesia
1112 2460 1163 2493 non
1175 2444 1281 2508 ali'epuod
1289 2451 1369 2493 exter-

376 2527 440 2560 num
448 2518 590 2575 separatum
602 2511 634 2559 ab
645 2512 745 2559 interna
753 2511 809 2566 erit,
817 2510 880 2574 quta
893 2512 947 2574 Ipse
956 2510 1085 2559 Dominus
1095 2511 1124 2559 iu
1134 2509 1237 2559 Divina
1246 2510 1369 2559 Humane

376 2578 436 2636 Sua,
444 2594 460 2626 a
472 2579 526 2639 Quo
533 2584 568 2626 est
575 2594 647 2626 omne
656 2578 788 2635 Ecclesiae,
796 2577 868 2625 Solus
876 2578 974 2636 aditur,
982 2577 1074 2626 colitur
1080 2584 1104 2625 et
1111 2578 1236 2625 adoratur
1245 2576 1284 2643 [n.
1293 2574 1368 2641 918].

190 2672 197 2679 “
243 2685 285 2739 2³·
310 2670 363 2726 ‘ft
376 2671 440 2725 aeis
450 2686 500 2724 noo
511 2685 577 2739 opas
593 2671 672 2724 taisi
686 2673 743 2724 sote
759 2675 788 2724 et
803 2672 864 2724 tana
882 2675 912 2724 at
927 2672 1032 2724 taceam
1047 2670 1073 2724 ιἰι
1090 2686 1129 2730 sa,
1143 2668 1203 2738 auia
1221 2670 1307 2724 Gloria
1324 2670 1369 2722 lise

376 2737 519 2792 illustrarit
529 2753 594 2797 tam,
607 2743 635 2791 ot
645 2739 759 2790 Lucem
771 2739 829 2804 ojttn
840 2737 958 2805 iynu8,''
967 2737 1090 2802 significat
1102 2741 1169 2803 qued
1178 2739 1288 2786 homines
1300 2739 1370 2787 illius

376 2807 504 2855 Ecclesiae
513 2822 565 2854 non
576 2813 653 2856 erunt
661 2807 691 2854 in
702 2822 787 2855 amare
797 2806 840 2854 sui
849 2813 873 2854 et
883 2806 912 2854 in
924 2807 1032 2870 propria
1045 2805 1220 2868 intelligentia,
1231 2813 1255 2853 et
1270 2805 1329 2853 inde
1340 2807 1369 2856 ιἰι,

375 2874 474 2922 lumine
483 2873 532 2921 solo
543 2872 670 2931 naturali,
680 2873 724 2922 sed
737 2888 769 2921 ee
779 2872 882 2922 Divina
892 2887 953 2922 vera
971 2872 1044 2920 Verbi
1053 2889 1069 2920 a
1083 2872 1138 2921 Solo
1150 2871 1262 2920 Doeeeino
1273 2871 1301 2920 in
1315 2873 1369 2920 luce

374 2939 506 3004 spirituali
518 2938 559 3004 [n.
571 2937 647 3004 919].

244 3047 285 3097 τι
309 3043 322 3064 ·
329 3034 363 3087 t't
368 3038 462 3102 pentes
472 3048 539 3101 qaae
550 3034 687 3087 saliantur
698 3032 724 3084 ιἰι
737 3033 795 3086 tace
806 3032 864 3098 sios
875 3031 1071 3091 amoveamus·
1081 3031 1201 3097 significat
1210 3035 1278 3097 quod
1286 3051 1369 3084 omnes

374 3101 422 3167 qui
436 3102 466 3150 in
482 3101 544 3149 bona
560 3101 629 3149 uuae
639 3109 701 3148 ssent
714 3107 739 3148 et
748 3101 855 3148 credunt
870 3101 899 3148 in
917 3100 1069 3158 Dominum,
1082 3099 1117 3148 ibi
1132 3101 1222 3148 vianet
1231 3103 1366 3150 secundnm

376 3169 481 3218 Divina
492 3183 563 3227 vera,
574 3175 598 3215 et
607 3167 727 3216 us'elebunt
737 3167 782 3214 illa
794 3167 864 3215 intus
875 3167 904 3215 in
915 3183 947 3224 se,
958 3167 1024 3215 sicut
1033 3168 1117 3215 oceclns
1128 3166 1219 3231 objetta
1235 3166 1273 3232 [n.
1287 3167 1366 3230 920];

376 3242 389 3262 ¹·
397 3239 424 3286 et
433 3248 512 3300 topos
523 3238 610 3285 tarrae
621 3233 732 3285 aierent
739 3231 850 3299 gloriam
862 3236 891 3284 et
902 3232 1024 3283 honoram
1036 3246 1113 3283 soom
1125 3231 1151 3283 ιἰι
1163 3231 1264 3288 ittam‚''
1275 3231 1366 3296 signifi-

375 3310 415 3350 eat
425 3301 493 3366 quod
501 3316 584 3349 omnes
594 3301 641 3364 qui
656 3301 684 3348 in
700 3301 769 3348 veris
778 3300 917 3362 sapientiae
927 3305 989 3347 sunt
998 3316 1031 3347 ex
1042 3299 1103 3346 bona
1112 3299 1251 3362 spirituali,
1264 3299 1300 3347 iii
1309 3315 1365 3348 con·

366 3367 514 3434 finirentur
523 3366 676 3424 Dominum,
687 3373 712 3415 et
727 3367 782 3430 lpsi
790 3365 948 3414 addicaiunt
957 3381 1029 3414 omne
1040 3381 1131 3414 verum
1144 3372 1167 3414 et
1177 3381 1248 3414 omne
1264 3366 1366 3426 bonum,

374 3451 439 3500 quae
449 3433 520 3498 apud
527 3449 552 3482 se
561 3440 623 3482 ssent
634 3432 674 3498 [n.
687 3431 761 3498 921].

243 3539 285 3595 ις.
310 3527 361 3582 Ἐι
373 3532 466 3596 poetae
477 3528 535 3593 ejvs
545 3542 594 3580 ιιοιι
606 3527 759 3579 claudentes
769 3525 890 3579 interdiu.
902 3539 952 3577 aar
964 3524 1030 3577 enim
1047 3539 1096 3578 aaa
1108 3524 1159 3577 orit
1169 3523 1234 3583 iti,”
1245 3524 1366 3590 significat

375 3597 443 3660 quad
451 3597 480 3644 in
493 3596 596 3655 Nouam
608 3594 806 3658 Hierosolymam
811 3594 912 3659 jugiter
920 3593 1077 3656 recipiantur
1087 3593 1133 3656 qni
1143 3593 1171 3641 in
1183 3593 1252 3641 veris
1262 3609 1294 3641 ex
1304 3593 1365 3643 boreo

375 3663 469 3711 amoris
479 3677 496 3710 a
507 3661 620 3710 Domine
630 3667 699 3719 sunt,
706 3660 772 3776 guia
783 3675 835 3709 non
848 3661 929 3709 ibi‘est
939 3659 1044 3724 aliquod
1047 3659 1148 3724 falsum
1152 3659 1220 3723 fidei
1231 3658 1271 3725 [n.
1284 3659 1364 3725 922];

376 3732 420 3780 “at
428 3728 539 3780 adorent
546 3725 657 3794 alasiam
668 3731 697 3778 et
724 3739 828 3778 aaonm
837 3725 953 3793 qondam
965 3725 990 3777 ιἰι
1002 3725 1102 3783 ittam,''
1114 3724 1233 3788 signifieat
1245 3727 1313 3790 quaet
1321 3731 1367 3790 qui

375 3796 477 3844 intraru
484 3795 659 3859 secumferent
669 3793 850 3858 confessionem,
862 3793 1016 3857 agnitionem
1028 3798 1052 3840 et
1058 3791 1151 3865 fidem,
1161 3793 1229 3856 quod
1238 3792 1364 3842 Dominus

374 3863 408 3911 sit
418 3861 489 3910 Deus
500 3861 569 3910 Caeli
577 3867 602 3909 et
616 3861 715 3918 Terrae,
725 3867 750 3908 et
758 3860 827 3924 quod
834 3875 907 3908 arene
917 3875 1007 3908 versnn
1020 3858 1145 3908 Ecclesiae
1155 3865 1180 3906 et
1189 3873 1262 3907 omne
1272 3859 1363 3908 bonum

374 3929 513 3993 Religionis
523 3928 558 3976 n't
566 3927 599 3975 ab
610 3927 666 3991 Ipso
678 3926 718 3992 [ιι.
730 3926 805 3992 923].

244 4022 286 4075 2⁶.
312 4021 360 4076 ·tt
372 4038 423 4076 aaa
438 4021 546 4076 intrabit
560 4021 587 4073 ιἰι
604 4021 675 4074 ittam
692 4021 771 4072 attam
787 4019 951 4079 immundam,
965 4024 993 4072 at
1006 4021 1104 4072 tactam
1115 4017 1326 4072 abominationem
1339 4023 1366 4072 et

375 4088 565 4148 mandacium,''
575 4087 699 4152 significat
707 4089 775 4154 quod
783 4103 855 4136 nemo
864 4089 892 4136 in
903 4089 1004 4137 Novam
1014 4088 1123 4136 Domini
1132 4087 1269 4136 Ecclesiam
1278 4087 1362 4150 recipi·

374 4164 444 4215 atur,
455 4157 502 4221 qui
511 4157 641 4205 adulterat
656 4155 719 4204 lona
735 4161 760 4203 et
767 4155 964 4220 falsificatvera
983 4153 1062 4212 Verbi,
1073 4160 1097 4202 et
1107 4154 1153 4218 qui
1160 4152 1231 4218 facit
1246 4155 1315 4201 mala
1332 4169 1364 4202 ex

375 4223 564 4288 confirmatione
574 4223 642 4271 etsie
652 4221 826 4286 quaquefolsa
840 4220 880 4288 [n.
893 4220 973 4286 924];
993 4219 1067 4272 “nisi
1081 4219 1127 4287 qai
1141 4218 1235 4284 scripti
1248 4218 1273 4270 in
1292 4217 1364 4271 libra

378 4289 446 4342 titas
497 4287 555 4348 ai,''
567 4287 692 4352 signifieat
709 4289 777 4352 quod
790 4303 841 4336 non
859 4287 909 4336 alii
924 4288 953 4336 in
971 4287 1072 4335 Novam
1092 4287 1239 4343 Ecclesiam,
1250 4301 1315 4350 quae
1330 4293 1365 4333 est

376 4357 454 4406 Nova
500 4356 653 4420 ierosolyma,
664 4355 829 4418 recipiantur,
846 4369 923 4418 quam
941 4353 987 4418 qui
1002 4354 1110 4401 credunt
1125 4353 1153 4402 in
1170 4351 1323 4411 Dominum,
1341 4358 1365 4400 et

374 4423 472 4473 vivunt
479 4421 615 4472 seeundum
621 4426 753 4486 praecepta
765 4419 847 4486 Ipsius
858 4421 887 4470 in
905 4418 980 4469 Verba
993 4419 1033 4486 [ιι.
1045 4417 1120 4484 925].
