3384 5400
375 679 440 746 734
697 679 944 730 APOCALYPSIS
969 680 1177 733 REVELATA.

374 849 529 913 videatur
543 850 590 931 (n.
605 862 621 931 5
626 866 654 930 3,
667 848 745 931 414)
758 870 765 911 :
785 849 875 931 quod
889 869 947 932 per
961 853 981 881 “
990 849 1137 915 clamare
1149 872 1234 916 voce
1250 852 1406 935 magna,”
1419 873 1495 917 curn

374 943 417 1005 de
434 943 583 1006 Domino
601 944 635 1006 in
652 943 776 1007 Divino
791 942 932 1018 Amore,
950 943 1157 1025 significetur
1173 944 1263 1027 loqui
1282 966 1341 1009 seu
1357 946 1496 1011 influere
1574 940 1578 950 ’

374 1058 419 1100 ex
431 1037 555 1101 Divino
565 1036 659 1112 Ze10,
671 1047 767 1119 patet
779 1059 787 1117 ;
806 1040 884 1120 quia
894 1037 1035 1101 Divinus
1045 1038 1145 1102 Zelus
1156 1049 1208 1103 est
1220 1039 1333 1103 Divini
1343 1040 1494 1114 Amoris,

372 1131 426 1194 hic
441 1152 502 1213 pro
517 1131 707 1195 salvatione
720 1132 913 1195 hominurn:
937 1132 1027 1214 quod
1046 1152 1106 1214 per
1119 1137 1228 1197 “aves
1236 1132 1251 1158 ”
1263 1132 1497 1215 significentur

375 1225 457 1288 talia
479 1245 565 1308 quae
587 1222 781 1289 intellectus
804 1235 883 1289 sunt
906 1236 941 1289 et
964 1226 1042 1289 inde
1067 1227 1297 1308 cogitationis,
1321 1248 1424 1311 supra
1449 1228 1495 1311 (n.

372 1318 471 1401 757);
494 1320 547 1383 hic
567 1322 622 1402 qui
641 1321 674 1382 in
693 1316 870 1384 affectione
889 1321 958 1383 veri
977 1320 1141 1402 spirituali
1160 1330 1249 1397 sunt,
1270 1332 1306 1385 et
1325 1323 1368 1385 de
1388 1322 1496 1387 Caelo

373 1415 541 1495 cogitant,
572 1415 731 1497 quoniam
761 1414 884 1477 dicitur
915 1414 1059 1477 “avibus
1089 1414 1283 1478 volantibus
1314 1416 1348 1479 in
1379 1418 1495 1481 medio

373 1506 496 1584 Caeli,”
511 1518 546 1571 et
566 1528 625 1590 per
642 1507 786 1571 “volare
804 1509 838 1570 in
858 1509 969 1572 medio
987 1504 1125 1571 cae1i1¹¹”
1140 1508 1348 1591 significatur
1363 1512 1495 1595 perspi·

372 1620 459 1676 cere,
479 1602 659 1665 attendere
677 1612 713 1665 et
732 1603 885 1683 cogitare
906 1601 953 1683 (n.
973 1614 1044 1683 245,
1060 1601 1160 1686 415):
1184 1603 1273 1685 quod
1298 1624 1356 1685 per
1377 1603 1495 1669 “Cae-

373 1716 452 1759 nam
468 1695 586 1776 Magni
602 1696 667 1760 Dei
674 1696 689 1721 '¹
702 1695 909 1777 significetur
923 1696 1022 1759 Nova
1035 1696 1200 1771 Ecclesia,
1216 1706 1251 1760 et
1267 1698 1312 1760 sic
1331 1697 1494 1779 conjunc·

372 1792 421 1853 tio
433 1810 509 1853 cum
523 1789 682 1864 Domino,
695 1788 878 1873 [videatur]
888 1810 918 1853 n.
931 1790 1002 1867 816,
1014 1792 1070 1854 ubi
1080 1790 1195 1855 Caena
1206 1789 1340 1854 illorum
1350 1802 1495 1856 vocatur

373 1878 517 1947 “Caena
536 1887 727 1966 nuptiarum
747 1882 870 1966 Agni.”

431 1986 527 2068 832.
548 1998 634 2064 [Vm.
650 1997 702 2064 ra]
723 1984 960 2050 ‘marmoraria
974 2004 1088 2049 aornar
1101 2004 1220 2068 rapum,
1231 1992 1265 2049 ot
1277 2004 1392 2049 aaron
1407 1987 1496 2050 olrilr'·

371 2082 546 2153 aratorum,
555 2086 711 2143 stromat
720 2078 854 2151 fortium,
864 2085 1019 2143 strumae
1027 2098 1174 2162 aquaem
1183 2080 1390 2143 strepentium
1398 2100 1497 2163 super

371 2176 442 2248 illic,
457 2182 492 2239 at
508 2193 624 2237 earnes
642 2172 798 2255 [omnium]
816 2174 978 2236 liberorum
992 2180 1027 2237 al
1043 2180 1261 2247 terraemot
1274 2192 1440 2256 porrorum
1460 2183 1496 2239 at

369 2268 585 2350 mopnorum,”
600 2266 767 2349 significat
790 2268 1103 2348 appropriationem
1125 2268 1282 2331 bonorum
1303 2290 1324 2331 a
1345 2268 1492 2333 Domino

365 2371 430 2442 per
451 2382 532 2425 vera
563 2359 664 2424 Verbi
681 2369 715 2423 et
734 2358 904 2423 doctn‘nae
924 2359 1008 2431 inde¹
1029 2359 1064 2422 in
1085 2360 1176 2423 omni
1195 2380 1302 2435 sensu,
1322 2360 1440 2443 gradu
1461 2372 1494 2426 et

365 2454 637 2537 genera—Nunc
663 2473 762 2536 supra
790 2453 837 2534 (n.
861 2452 937 2536 831)
965 2451 1077 2517 actum
1105 2464 1157 2517 est
1184 2454 1226 2518 de
1253 2452 1493 2535 conjunctione

369 2570 446 2613 cum
467 2549 615 2612 Domino
634 2569 694 2631 per
708 2546 860 2611 Verbum
874 2570 881 2625 ;
905 2549 959 2612 hic
976 2548 1019 2611 de
1035 2550 1307 2631 appropriatione
1323 2550 1492 2613 bonorum

369 2645 414 2710 ab
436 2643 516 2727 Ipso
539 2664 598 2727 per
616 2664 696 2706 vera
713 2641 838 2706 Verbi:
869 2662 929 2726 per
949 2642 1180 2707 “comedere’'
1197 2642 1406 2725 significatur
1429 2664 1491 2727 ap·

370 2741 553 2821 propriatio
575 2737 621 2820 (n.
638 2737 713 2821 89):
739 2759 798 2820 per
818 2738 988 2801 “carnes’'
1006 2759 1089 2821 quas
1110 2738 1340 2814 comederent,
1362 2738 1492 2820 signifi·

370 2844 490 2896 cantur
520 2833 610 2896 bona
640 2830 745 2896 Verbi
778 2842 813 2896 et
846 2833 925 2896 inde
955 2830 1154 2896 Ecclesiae:
1189 2853 1229 2896 ac
1260 2853 1319 2914 per
1350 2837 1489 2915 “reges,

369 2927 581 3000 chiliarchos,
605 2926 720 3001 sortes,
744 2948 860 3009 equos,
885 2927 1044 2990 sedentes
1075 2947 1174 3009 super
1202 2926 1278 3001 illis,
1300 2926 1422 2991 liberos
1454 2937 1490 2991 et

369 3042 496 3098 servos,
528 3023 674 3085 minores
705 3031 740 3085 et
771 3020 939 3102 majores”
961 3020 1193 3103 significantur
1223 3043 1302 3084 vera
1332 3023 1366 3085 in
1396 3023 1490 3084 omni

369 3137 479 3192 sensu,
504 3116 611 3197 gradu
634 3126 669 3179 et
692 3135 836 3197 genere;
869 3137 929 3198 per
953 3114 1102 3197 “reges'’
1123 3113 1355 3196 significantur
1376 3116 1432 3198 qui
1455 3116 1490 3179 in

369 3213 455 3275 veris
471 3210 648 3274 Ecclesiae
667 3231 712 3273 ex
729 3208 846 3273 Verbo
865 3219 955 3284 sunt,
973 3218 1008 3273 et
1027 3206 1198 3273 abstracte
1213 3229 1292 3272 vera
1311 3208 1490 3272 Ecclesiae

369 3326 414 3368 ex
433 3304 550 3368 Verbo
571 3303 617 3387 (n.
638 3320 688 3380 20,
707 3303 807 3387 483);
831 3325 892 3387 per
912 3303 1141 3368 “chiliarchos
1149 3303 1164 3328 ”
1182 3301 1415 3384 significantur
1432 3305 1489 3385 qui

369 3400 402 3462 in
421 3399 673 3480 cognitionibus
688 3399 769 3462 boni
785 3408 820 3461 et
839 3399 909 3461 veri
925 3407 1015 3472 sunt,
1032 3408 1068 3461 et
1086 3394 1256 3460 abstracte
1273 3398 1488 3478 cognitiones

369 3492 447 3557 illae
469 3492 515 3575 (n.
537 3492 633 3575 337);
663 3513 722 3574 per
742 3492 897 3556 “fortes''
915 3490 1147 3573 significantur
1165 3493 1220 3574 qui
1242 3493 1276 3554 in
1300 3491 1488 3555 eruditione

368 3609 413 3650 ex
437 3584 631 3651 doctrinae
655 3585 771 3650 Verbo
794 3596 884 3660 sunt,
909 3596 945 3649 et
974 3583 1145 3650 abstracte
1168 3586 1311 3648 eruditio
1336 3586 1415 3649 inde
1439 3584 1487 3668 (n.

370 3681 467 3765 337);
499 3703 558 3764 per
583 3681 738 3764 “equos'’
761 3679 971 3762 significatur
1000 3677 1192 3743 intellectus
1215 3679 1331 3756 Verbi,
1363 3690 1399 3744 et
1428 3699 1488 3762 per

370 3777 585 3840 “insidentes
608 3796 707 3858 super
729 3775 844 3858 equis”
868 3774 1100 3857 significantur
1119 3775 1174 3857 qui
1197 3775 1230 3837 in
1253 3775 1420 3857 sapientia
1440 3795 1486 3838 ex

354 3868 544 3935 ,intellectu
563 3869 668 3934 Verbi
693 3880 781 3945 sunt,
802 3879 837 3933 et
861 3866 1032 3933 abstracte
1055 3869 1221 3950 sapientia
1239 3869 1318 3931 inde
1343 3867 1389 3951 (n.
1413 3870 1483 3949 298,

368 3964 446 4048 820)
460 3987 468 4045 ;
492 3987 550 4048 per
568 3965 720 4028 “liberos
736 3975 772 4028 et
788 3984 904 4029 servos
912 3963 927 3988 ”
943 3961 1176 4046 significantur
1190 3964 1245 4045 qui
1262 3983 1307 4025 ex
1323 3983 1360 4026 se
1376 3964 1484 4026 sciunt

368 4062 473 4142 etqui
490 4081 534 4122 ex
551 4059 624 4122 aliis
642 4058 688 4142 (n.
707 4073 777 4139 337,
790 4059 868 4140 604)
883 4081 890 4135 ;
914 4078 973 4141 per
988 4063 1137 4140 “parvos
1153 4066 1187 4120 et
1205 4056 1371 4138 magnos”
1383 4057 1484 4139 signi-

367 4153 511 4217 ficantur
522 4155 577 4236 qui
593 4155 627 4216 in
643 4154 763 4217 rninori
779 4162 814 4217 et
830 4151 947 4234 majori
962 4151 1069 4234 gradu
1084 4150 1131 4234 (n.
1147 4165 1215 4232 527,
1230 4149 1317 4232 810).
1363 4150 1420 4214 Ex
1435 4150 1484 4213 his

367 4257 475 4329 patet,
495 4247 586 4330 quod
608 4267 667 4329 per
688 4247 936 4311 “comederent
959 4265 1078 4310 carnes
1100 4243 1257 4308 illorum”
1280 4244 1484 4326 significetur

367 4343 596 4424 appropriatio
608 4342 774 4405 bonorum
786 4362 806 4404 a
819 4341 968 4404 Domino
980 4362 1039 4423 per
1054 4360 1134 4403 vera
1146 4338 1252 4402 Verbi
1264 4349 1299 4403 et
1313 4336 1483 4404 doctrinae

367 4435 445 4500 inde
457 4438 491 4499 in
501 4438 593 4500 omni
605 4457 716 4511 sensu,
728 4437 834 4518 gradu
844 4446 880 4499 et
892 4455 1027 4518 genere.
1059 4433 1239 4498 Sciendum
1250 4442 1303 4497 est
1314 4433 1405 4517 quod
1418 4451 1481 4496 non

366 4529 503 4613 aliquod
519 4531 645 4595 bonurn
658 4530 829 4614 spirituale
845 4531 889 4594 sit
902 4530 960 4594 ulli
976 4530 1135 4593 hominia
1151 4527 1301 4590 Domino
1313 4548 1413 4611 quarn
1426 4547 1483 4610 per

366 4644 447 4688 vera
469 4645 515 4689 ex
538 4625 673 4690 Verbo:
705 4646 785 4690 vera
807 4626 897 4690 enirn
921 4624 1026 4689 Verbi
1049 4631 1127 4688 sunt
1157 4623 1191 4686 in
1222 4622 1296 4686 luce
1320 4621 1424 4700 Caeli,
1447 4631 1481 4684 et
