3384 5400
347 667 412 750 776
673 676 922 731 aroenavnus
944 674 1156 727 navabant.

348 852 493 908 charitate
503 860 535 907 et
545 852 611 911 inde.
619 850 691 923 quia
699 850 829 906 charitas
837 858 885 905 est
937 846 1112 903 distantiam
1132 862 1150 901 a
1171 861 1218 901 me
1240 844 1373 917 elongati
1396 854 1472 907 sunt.

347 931 515 988 affessionis
527 943 558 987 et
571 932 645 987 fides
657 930 859 1003 cogitationis.
936 929 992 983 visi
1011 937 1082 983 sunt
1100 929 1207 982 iterum
1227 927 1257 981 in
1276 926 1421 989 curribus,
1440 937 1472 982 ut

385 1012 424 1067 Et
453 1014 608 1083 respondit
634 1012 777 1084 Angelus,
803 1010 884 1066 “Est
936 1009 1026 1081 prius.

347 1108 469 1164 prorsus
476 1094 587 1153 simile:
600 1093 674 1148 fides
680 1108 741 1148 non
749 1101 796 1147 est
802 1092 883 1147 aliud
973 1088 1137 1159 Postquam
1150 1086 1213 1141 bini
1227 1085 1269 1141 ilii
1280 1086 1378 1157 angeli
1389 1097 1473 1141 extra

346 1190 436 1244 quam
471 1172 569 1228 iorrna
599 1173 762 1235 charitatis.
795 1174 884 1244 piane
936 1186 1036 1225 meunt
1054 1165 1249 1239 conspediurn
1266 1166 1397 1228 fuerunt.
1410 1167 1472 1221 vidi

346 1254 425 1309 sicut
443 1253 588 1324 loquelam
606 1266 653 1309 est
674 1252 772 1309 iorma
789 1252 883 1308 soniiil
935 1248 1086 1320 quendam
1094 1248 1215 1303 hortum
1226 1248 1347 1303 alatere
1355 1248 1470 1309 dextro.

349 1333 882 1395 Formaturetiamfidesaeharitate,
935 1330 985 1384 ubi
1004 1338 1089 1385 erant
1107 1328 1294 1390 oleaevites.
1313 1327 1396 1391 ficus.
1411 1328 1472 1383 lau·

346 1414 424 1468 sicut
444 1414 592 1469 formatur
613 1415 733 1485 loquela
755 1429 774 1469 a
798 1429 883 1469 sono.
935 1426 993 1473 rus,
1006 1420 1037 1465 et
1056 1410 1180 1480 palmae.
1194 1408 1224 1463 in
1243 1408 1350 1465 ordine
1365 1424 1472 1465 secun-

348 1492 549 1549 Formationis
560 1496 685 1549 modurn
695 1495 787 1550 etiarn
797 1494 883 1549 novi·
935 1491 1007 1545 dum
1028 1489 1324 1559 correspondentiam
1346 1491 1471 1559 positae.

347 1590 414 1629 mus
424 1575 454 1628 in
463 1574 563 1635 Caelo,
571 1576 624 1629 sed
635 1591 696 1630 non
704 1585 791 1630 vacat
801 1576 889 1630 iilam·
937 1570 1011 1627 liiuc
1030 1570 1177 1641 prospexi.
1197 1580 1229 1625 et
1252 1570 1330 1625 inter
1349 1572 1471 1625 arbores

346 1654 585 1725 hicexponere.”
655 1687 658 1693 -
934 1652 996 1707 vidi
1008 1652 1131 1723 angelos
1148 1661 1179 1705 et
1190 1650 1313 1721 spiritus
1325 1652 1471 1707 vadentes

382 1736 512 1806 Adjecit,
532 1735 725 1793 “Persidem
746 1736 883 1808 intelligo
934 1739 965 1789 et
982 1734 1205 1803 colloquentem
1223 1740 1256 1786 et
1273 1739 1347 1786 tunc
1365 1732 1404 1786 ad
1425 1748 1471 1787 me

346 1816 437 1871 iidem
446 1817 640 1887 spiritualem.
652 1818 681 1869 in
691 1831 751 1889 qua
760 1818 883 1888 spiritus
935 1814 1065 1884 respexit
1077 1828 1155 1867 unus
1167 1811 1291 1883 spiritus
1308 1812 1471 1883 angelicus.

346 1907 378 1951 et
385 1897 449 1952 vita
455 1897 543 1952 unice
550 1908 597 1953 est
604 1914 641 1951 ex
649 1899 803 1959 charitate,
813 1913 882 1952 nam
935 1894 1063 1967 Spiritus
1073 1892 1198 1964 angelici
1208 1902 1363 1955 vocantur,
1374 1892 1428 1963 qui
1441 1893 1470 1948 in

346 1978 595 2049 haecspiritualis
614 1989 667 2037 est.
681 1988 712 2033 et
732 1979 881 2049 perillam
934 1976 1049 2029 mundo
1072 1973 1231 2045 spirituum
1257 1982 1471 2043 praeparantur

345 2056 436 2120 iides;
454 2072 546 2128 quare
565 2058 639 2113 tides
658 2060 770 2130 absque
786 2059 882 2113 chari·
933 2056 971 2112 ad
978 2054 1153 2117 Caelum,et
1164 2064 1269 2125 postea
1278 2053 1470 2126 fiuntangeli.

312 2181 315 2188 ,
345 2146 409 2192 tate
426 2148 474 2193 est
493 2138 567 2193 fides
586 2155 667 2193 mere
685 2140 836 2203 naturalis,
851 2150 882 2195 et
970 2136 1024 2191 ille
1045 2135 1173 2207 Spiritus
1192 2135 1230 2189 ab
1250 2135 1340 2193 horto
1361 2135 1414 2190 illo
1432 2136 1470 2191 ad

346 2219 420 2273 haec
433 2219 507 2274 fides
515 2229 563 2274 est
572 2220 647 2275 fides
657 2231 791 2283 mortua;
808 2236 881 2276 con·
934 2234 983 2272 rna
999 2216 1091 2279 venit,
1106 2226 1138 2271 et
1156 2214 1240 2277 dixit.
1254 2214 1331 2271 “Vis
1351 2232 1469 2285 mecum

344 2298 444 2369 jungit
464 2299 556 2354 etiam
577 2316 610 2354 se
631 2316 700 2355 curn
722 2299 881 2357 allectione
933 2298 976 2353 ire
988 2298 1019 2351 in
1032 2307 1169 2351 nostrum
1183 2294 1363 2365 paradisum.
1373 2306 1406 2351 et
1418 2311 1471 2350 au·

347 2393 427 2433 mere
437 2379 573 2440 naturali,
584 2394 661 2450 quae
671 2396 732 2434 non
741 2381 823 2436 aliud
835 2392 882 2437 est
933 2378 1049 2433 diturus
1061 2393 1097 2432 ac
1108 2376 1225 2431 visurus
1238 2393 1271 2431 es
1283 2375 1458 2431 mirabilia''

345 2474 435 2530 quam
447 2460 716 2529 eoncupiscentia.”
970 2459 1007 2513 Et
1020 2458 1097 2513 abivi
1111 2472 1179 2511 curn
1193 2456 1252 2518 ilio,
1263 2466 1295 2512 et
1305 2467 1381 2513 tunc
1394 2456 1472 2511 dixit

381 2540 490 2610 Angeii
501 2540 539 2594 de
552 2540 599 2594 bis
612 2541 881 2612 loquebanturspi-
933 2540 1014 2602 mibi,
1041 2538 1107 2593 “Hi
1133 2552 1209 2608 quos
1233 2537 1317 2592 vides
1328 2537 1343 2556 ’⁵
1371 2538 1471 2607 (erant

346 2620 498 2681 ritualiter,
520 2636 556 2674 ac
578 2622 740 2691 spiritualis
761 2622 881 2692 loquela
932 2621 1012 2675 eninr
1026 2621 1136 2691 plures)
1151 2626 1246 2675 “sunt
1258 2634 1372 2688 omnes!
1383 2618 1413 2674 in
1427 2616 1471 2675 ai·

345 2697 555 2770 compiettitur
565 2702 750 2773 milliaquae
761 2703 881 2773 loquela
932 2698 1061 2757 tectione
1086 2702 1156 2764 veri,
1180 2710 1213 2756 et
1244 2700 1313 2755 inde
1340 2700 1370 2753 ln
1401 2698 1470 2756 luce

345 2781 488 2836 naturalis
507 2797 567 2835 non
588 2792 688 2850 potest
705 2783 879 2853 exprimere.
932 2783 1103 2853 sapientiae.
1142 2781 1470 2852 Estquoquehicaedi-

345 2872 376 2914 et
387 2860 469 2930 quod
487 2861 605 2921 mirum.
618 2878 694 2932 quae
708 2864 879 2934 nequidem
933 2864 1032 2919 ficium
1050 2863 1132 2934 quod
1151 2879 1294 2918 vocamus
1318 2863 1470 2932 Templum

346 2951 472 3010 possunt
485 2942 515 2995 in
529 2943 611 2996 ideas
624 2943 816 3013 cogitationis
828 2961 880 3000 na·
933 2945 1118 3016 Sapientem:
1136 2944 1189 2998 sed
1203 2942 1275 2996 illud
1289 2957 1349 2996 non
1356 2943 1470 3013 aliquis

345 3021 448 3076 turalis
461 3022 576 3079 cadere.
931 3026 1015 3080 videt
1029 3023 1080 3096 qui
1102 3024 1198 3078 credit
1220 3039 1252 3078 se
1274 3023 1403 3078 muitum
1422 3039 1470 3078 sa·

382 3099 522 3157 Retinete
565 3104 645 3163 baec„
686 3117 806 3174 quaeso,
849 3115 881 3160 et
933 3121 1010 3176 pere,
1020 3106 1118 3158 minus
1128 3104 1179 3174 qui
1190 3101 1286 3158 credit
1295 3119 1328 3157 se
1337 3103 1410 3157 satis
1420 3117 1468 3159 sa·

345 3183 495 3251 quandoe
514 3181 580 3238 luce
594 3184 721 3238 naturali
738 3184 768 3238 in
782 3184 879 3240 lucent
933 3201 1011 3256 pere,
1025 3195 1056 3240 et
1074 3185 1174 3239 adhuc
1190 3184 1289 3238 minus
1301 3183 1352 3253 qui
1371 3184 1470 3238 credit

344 3263 529 3333 spiritualem
543 3264 659 3326 venitis,
669 3265 751 3335 quod
764 3265 799 3320 fit
811 3278 881 3336 post
931 3283 963 3322 se
981 3281 1084 3336 sapere
1102 3281 1139 3319 ex
1155 3279 1204 3319 se:
1221 3279 1312 3318 cau&
1329 3271 1383 3326 est.
1397 3264 1470 3334 quia

345 3353 481 3404 mortem,
491 3344 632 3415 inquirite
641 3355 714 3399 tunc
721 3346 794 3416 quid
806 3345 880 3402 fides
933 3347 974 3402 ilii
988 3363 1048 3401 non
1068 3347 1098 3399 in
1113 3345 1282 3415 receptione
1296 3343 1371 3398 lucis
1384 3342 1467 3399 Caeli

344 3424 454 3494 etquid
463 3424 602 3484 charitas.
611 3435 642 3480 et
651 3425 791 3480 videbitis
800 3427 880 3482 clare
931 3445 968 3483 ex
977 3425 1135 3482 allectione
1144 3424 1292 3496 &nuinae
1302 3423 1468 3495 sapientiae

344 3505 426 3575 quod
445 3504 519 3559 fides
531 3506 571 3559 sit
582 3507 712 3560 charitas
725 3506 755 3560 in
774 3507 879 3570 forma,
931 3517 1009 3562 sunt.
1064 3506 1202 3562 Genuina
1232 3505 1381 3574 sapientia
1411 3513 1467 3565 est.

344 3595 376 3638 et
395 3584 464 3640 inde
482 3586 563 3655 quod
583 3585 712 3642 charitas
730 3587 770 3642 sit
788 3599 879 3643 ornne
930 3589 1012 3660 quod
1032 3587 1124 3642 homo
1143 3601 1160 3640 e
1178 3586 1244 3640 luce
1261 3583 1345 3640 Caeli
1357 3585 1466 3646 videat.

344 3665 430 3728 fidei;
448 3677 667 3736 consequenter
675 3669 879 3737 quod-sitani·
931 3665 1467 3740 quodquaescit.inteliigit,etsapit.

345 3762 401 3807 ma,
411 3747 475 3800 vita
486 3757 517 3800 et
526 3747 656 3801 essentia
669 3747 747 3808 fidei,
758 3764 879 3818 prorsus
930 3760 992 3803 tarn
1013 3765 1115 3819 parum
1129 3747 1190 3802 sint
1202 3744 1367 3816 respetlive
1379 3747 1417 3800 ad
1436 3745 1466 3801 id

343 3827 421 3881 sicut
432 3823 553 3881 allectio
571 3837 618 3880 est
635 3828 834 3899 cogitationis,
848 3841 878 3885 et
930 3830 1012 3900 quod
1026 3845 1086 3883 non
1099 3828 1164 3889 scit,
1179 3826 1321 3898 inteiligit
1334 3837 1365 3882 et
1378 3829 1465 3897 sapit.

343 3909 421 3963 sicut
442 3923 536 3962 sonus
557 3917 603 3961 est
625 3907 775 3977 loquelae:
800 3921 832 3964 et
853 3911 877 3966 si
930 3911 1065 3978 sicutest
1077 3919 1164 3980 gutta
1176 3909 1215 3964 ad
1227 3923 1382 3976 oceanum.
1394 3924 1466 3964 con-

343 3987 590 4047 desideraveritis.
613 3988 704 4042 visuri
725 3989 797 4045 estis
818 3991 878 4046 ior·
930 4001 1089 4063 sequenter
1112 3991 1162 4045 vix
1187 3989 1309 4060 aliquid.
1358 3987 1465 4046 Omnis

343 4069 506 4122 mationem
526 4067 595 4122 fidei
608 4069 783 4124 acharitate
795 4070 878 4126 sirni-
929 4071 981 4142 qui
995 4071 1097 4126 innoc
1110 4071 1199 4126 horto
1214 4069 1399 4140 paradisiaco
1411 4082 1464 4132 est.

344 4149 402 4203 lern
416 4148 589 4203 formationi
600 4149 736 4219 loquelae
746 4167 783 4206 ex
793 4167 877 4215 sono,
930 4165 960 4208 et
979 4169 1016 4207 ex
1037 4151 1228 4223 perceptione
1247 4159 1279 4206 et
1297 4151 1364 4206 visu
1384 4153 1413 4206 in
1433 4169 1464 4208 sc

342 4229 414 4299 quia
425 4230 669 4300 correspondent.
929 4232 1066 4304 agnoscit
1078 4233 1159 4303 quod
1175 4242 1236 4286 tarn
1251 4247 1356 4302 parurn
1370 4233 1464 4304 sapiat

380 4308 542 4379 Postquam
564 4311 662 4381 angeli
683 4311 757 4366 haec
776 4321 807 4367 et
827 4313 879 4368 illa
930 4310 1463 4383 respettive.isvidetTempiumillud

343 4390 436 4444 locuti
461 4401 540 4452 sunt,
563 4391 728 4454 abiverunt,
753 4403 784 4447 et
808 4409 877 4448 cum
930 4393 1115 4465 Sapientiae:
1137 4411 1207 4448 narn
1217 4394 1267 4448 lux
1279 4393 1404 4450 interior
1412 4397 1464 4450 dat

342 4479 534 4531 recesserunt,
564 4471 690 4542 quisque
720 4473 758 4528 ad
788 4489 876 4528 suum
930 4477 1002 4530 iilud
1012 4475 1122 4538 videre,
1133 4491 1194 4530 non
1206 4485 1307 4530 autem
1321 4475 1374 4532 lux
1383 4487 1463 4532 exte·

342 4545 476 4611 Caelum,
494 4553 679 4620 apparebant
698 4555 802 4610 stellae
820 4555 878 4610 cir·
930 4557 990 4613 rior
1001 4557 1113 4627 absque
1126 4555 1202 4611 illa.”

342 4643 409 4681 curn
429 4630 528 4698 capita
547 4633 681 4698 iliorum;
702 4645 733 4690 et
751 4651 819 4691 curn
838 4637 876 4692 ad
967 4637 1004 4692 Et
1016 4637 1087 4709 quia
1098 4653 1155 4710 ego
1174 4637 1232 4692 hoc
1250 4635 1370 4706 saepius
1384 4635 1462 4708 cogi·
