3384 5400
592 625 670 678 cnn.
687 627 758 690 xv,
775 627 879 678 vens.
894 627 1004 694 4-N.
1019 615 1091 698 667.
1153 709 1157 714 ¹
1341 633 1399 701 571

331 795 452 862 (Praeter
469 797 583 858 alibiut
599 797 764 862 Esaj.vl.5;
787 797 937 862 csp.lii.7;
962 799 1057 864 Jerent.
1067 815 1094 849 x.
1107 811 1130 860 7,
1144 813 1189 856 10:
1209 815 1266 864 cap.
1278 801 1342 851 xlvi.
1354 802 1403 852 18.
1467 789 1471 805 ¹

413 863 504 914 Erech.
514 864 613 913 xxxvii.
624 875 663 923 22,
674 876 716 923 24,
735 863 808 928 Zeph.
819 863 854 914 iii.
866 860 932 924 151¹1;
944 865 1045 915 Psalm.
1054 881 1097 916 xx.
1109 879 1140 914 10
1161 866 1194 915 B.
1205 867 1239 916 A.
1249 863 1288 930 9];
1301 867 1390 916 Psalm

412 928 467 978 xlv.
484 941 521 988 rs,
538 941 575 990 14,
593 925 649 992 161²]
669 926 714 994 [B.
726 931 761 979 Α.
777 941 815 989 11,
832 926 947 994 13,15];
975 931 1075 980 Psalm.
1086 931 1169 982 lxviii.
1180 943 1211 994 ²⁵
1231 929 1277 998 [B.
1289 932 1324 981 A.
1336 928 1398 998 241,

414 994 513 1044 Psalm.
525 994 606 1045 lxxiv.
619 994 671 1056 12.)

343 1100 448 1183 665.
473 1109 610 1178 [Versa]
635 1099 736 1170 “Ouia
760 1119 819 1162 non
843 1100 951 1164 timeat
974 1101 1025 1174 Το,
1046 1101 1180 1175 Domino,
1200 1107 1235 1165 ot
1250 1101 1406 1184 piorriieei

284 1187 395 1252 nomon
422 1190 551 1262 Tuum,''
575 1189 741 1271 significat
766 1190 857 1271 quod
880 1189 980 1254 Solus
1004 1191 1170 1254 amandus
1194 1201 1228 1254 et
1249 1191 1402 1256 colendus

283 1279 445 1344 sin—Per
461 1283 608 1346 “timere
625 1281 735 1344 Deum
743 1281 758 1306 ”
773 1280 982 1363 significatur
1000 1303 1114 1346 amare
1133 1283 1267 1365 lpsum;
1290 1293 1326 1347 et
1342 1303 1402 1366 per

285 1374 500 1456 “glorificare
513 1375 648 1439 Nomen
662 1375 768 1458 ipsius
776 1375 791 1400 ”
802 1376 1010 1458 significatur
1022 1376 1133 1441 colere
1151 1378 1265 1460 Ipsum
1278 1399 1287 1454 3
1310 1378 1401 1460 quod

284 1467 383 1532 Solus
401 1470 565 1532 amandus
584 1480 619 1533 et
638 1469 799 1533 colendus
817 1472 873 1546 sit,
889 1470 1090 1554 intelligitur
1107 1491 1167 1554 per
1184 1453 1286 1554 “'quis
1304 1471 1402 1545 non,’'

284 1573 320 1626 et
346 1583 406 1646 per
431 1564 537 1645 “quia
563 1562 662 1628 Solus
689 1561 832 1628 Sanetus
856 1585 894 1628 es
906 1564 932 1628 :’'
962 1566 1053 1648 quod
1076 1567 1196 1629 timere
1222 1565 1332 1629 Deum
1358 1567 1403 1630 sit

283 1677 397 1720 amare
424 1657 538 1739 Ipsum
565 1657 717 1720 timendo
742 1657 853 1721 iacere
878 1669 999 1722 contra
1025 1659 1149 1741 Ipsum,
1173 1670 1208 1724 et
1231 1660 1322 1742 quod
1348 1659 1402 1724 hic

284 1753 386 1815 timor
414 1753 458 1814 sit
487 1753 520 1813 in
550 1751 642 1815 omni
670 1770 795 1828 amore,
826 1751 980 1815 videatur
1006 1772 1106 1833 supra
1137 1752 1184 1834 (n.
1214 1770 1283 1833 527,
1311 1754 1401 1836 628).

285 1844 386 1926 Quod
414 1843 630 1927 “glorificare
660 1844 794 1908 Nomen
825 1845 955 1927 Ipsius”
985 1846 1028 1909 sit
1054 1845 1165 1910 colere
1197 1848 1321 1930 Ipsum,
1349 1861 1403 1935 est

283 1942 362 2023 quia
387 1960 447 2023 per
474 1939 637 2003 “Nomen
646 1939 661 1964 ”
688 1939 836 2020 Jehovae
862 1938 1070 2022 significatur
1095 1961 1197 2004 omne
1226 1963 1286 2024 per
1311 1943 1402 2025 quod

284 2034 405 2098 colitur
429 2033 475 2116 (n.
497 2032 564 2118 81),
585 2044 620 2098 et
642 2054 702 2117 per
725 2031 942 2116 “glorificare
950 2034 965 2060 '⁹
987 2033 1195 2117 significatur
1217 2056 1404 2118 agnoscere

284 2139 320 2194 et
339 2127 501 2194 confiteri.

344 2222 452 2287 666.
479 2229 498 2258 ⁸
508 2219 583 2290 Ouia
604 2219 694 2284 Solus
710 2219 881 2292 Sunolut,''
895 2219 1063 2302 significat
1077 2220 1168 2303 quod
1178 2222 1229 2284 sit
1249 2221 1402 2295 Verbum,

293 2311 424 2376 Vm'tas
445 2323 478 2376 et
498 2311 842 2394 [dustram-Quod
870 2311 1036 2376 Dominus
1059 2314 1101 2377 sit
1125 2311 1223 2377 Solus
1243 2312 1402 2388 Sanctus,

286 2407 439 2470 videatur
456 2427 555 2490 supra
575 2407 622 2489 (n.
647 2406 739 2489 173);
763 2418 798 2470 et
814 2406 905 2490 quod
925 2407 1084 2470 Divinum
1103 2407 1231 2471 Verum
1251 2409 1295 2470 sit
1313 2409 1403 2490 quod

286 2513 427 2565 vocatur
450 2499 611 2565 Sanctum
632 2499 680 2583 (n.
704 2516 771 2580 173,
794 2500 890 2582 580);
914 2511 950 2565 et
968 2503 1046 2583 quia
1063 2499 1215 2565 Verbum
1234 2512 1286 2565 est
1308 2501 1403 2564 Divi·

285 2615 365 2658 num
382 2595 520 2670 Verum,
538 2606 572 2659 et
590 2595 756 2658 Dominus
772 2605 825 2658 est
842 2594 936 2670 illud,
953 2604 989 2658 et
1005 2597 1082 2677 quia
1100 2594 1258 2657 Divinum
1274 2595 1404 2660 Verum

287 2688 504 2772 spiritualiter
519 2688 677 2765 illustrat,
694 2700 747 2753 est
763 2689 853 2752 enim
870 2688 929 2753 lux
946 2689 979 2752 in
996 2686 1111 2763 Caelo,
1128 2688 1188 2751 sed
1206 2710 1226 2751 a
1244 2687 1404 2765 Domino,

287 2785 363 2849 ideo
381 2806 440 2867 per
459 2786 564 2867 “quia
583 2782 682 2848 Solus
700 2794 753 2847 est
772 2780 939 2848 Sanctus”
954 2781 1161 2865 significatur
1175 2784 1265 2865 quod
1284 2783 1403 2848 Domi-

288 2900 348 2942 nus
367 2880 410 2942 sit
428 2878 590 2953 Verbum,
610 2876 748 2941 Veritas
766 2888 801 2941 et
822 2877 1018 2940 Illustratio.
1064 2875 1232 2958 Quoniam
1251 2876 1403 2941 Verbum

286 2985 338 3038 est
358 2973 516 3036 Divinum
536 2972 675 3047 Verum,
692 2991 730 3035 ac
751 2972 910 3035 Divinum
929 2969 1058 3035 Verum
1077 2970 1292 3053 spiritualiter
1310 2971 1401 3034 illus-

287 3078 367 3143 trat,
383 3068 460 3131 ideo
479 3068 600 3130 dicitur
614 3067 705 3149 quod
722 3066 874 3129 Verbum
893 3086 913 3128 a
930 3064 1083 3147 Jehovah
1099 3062 1263 3128 dictatum
1281 3065 1325 3127 sit
1343 3086 1403 3147 per

287 3161 445 3245 Spiritum
468 3158 641 3235 Sanctum,
661 3180 699 3224 ac
723 3160 813 3242 quod
837 3158 980 3242 Spiritus
1003 3155 1147 3223 Sanctus
1169 3158 1340 3221 hominem
1362 3158 1403 3223 il·

287 3255 406 3320 lustret
423 3266 458 3319 et
475 3256 617 3331 doceat;
640 3256 700 3317 sed
717 3255 789 3337 quis
805 3275 874 3317 non
890 3254 954 3317 scit
981 3253 1071 3336 quod
1090 3252 1183 3315 Deus
1202 3249 1402 3334 Omniprae·

286 3370 363 3414 sens
378 3351 433 3424 sit,
447 3360 482 3412 et
495 3349 584 3431 quod
597 3346 759 3411 Sanctum
772 3349 934 3430 procedat
946 3348 990 3410 ab
1002 3347 1091 3429 lpso,
1105 3357 1141 3409 et
1153 3346 1243 3429 quod
1258 3345 1403 3411 illustret

287 3445 341 3508 ubi
374 3446 540 3526 recipitur.
597 3442 681 3525 Quis
714 3443 792 3505 inde
824 3462 894 3505 non
927 3451 1041 3525 potest
1071 3441 1272 3505 concludere
1313 3443 1403 3523 quod

287 3538 428 3623 Spiritus
448 3534 590 3601 Sanctus
609 3558 677 3600 non
696 3538 739 3601 sit
759 3536 852 3600 Deus
870 3556 930 3618 per
945 3534 999 3610 Se,
1017 3532 1194 3599 distinCius
1212 3556 1232 3598 a
1249 3534 1403 3615 Jehovah

286 3654 344 3697 seu
361 3633 509 3696 Domino
522 3642 557 3695 ut
570 3652 714 3715 persona
726 3652 746 3694 a
761 3651 915 3714 persona,
930 3630 989 3693 sed
1001 3630 1092 3712 quod
1105 3630 1148 3693 sit
1161 3629 1238 3712 lpse
1249 3629 1403 3710 Jehovah

287 3748 345 3791 seu
375 3727 560 3804 Dominus;
597 3728 653 3809 qui
687 3724 845 3789 Divinam
876 3722 1204 3807 Omnipraesentiam
1234 3726 1402 3804 agnoscit,

286 3823 389 3886 etiam
416 3821 449 3884 id
478 3831 654 3902 agnoscet.
713 3818 813 3901 Quod
846 3839 906 3902 per
936 3817 1125 3902 “Spiritum
1156 3814 1340 3880 sanctum’·
1369 3818 1404 3880 in

287 3915 403 3979 Verbo
415 3914 623 3996 intelligatur
636 3913 757 3977 Divina
769 3912 852 3977 Vita
868 3912 1016 3984 Domini,
1029 3912 1078 3975 ita
1094 3911 1181 3994 lpse,
1195 3921 1230 3973 et
1245 3912 1279 3973 in
1292 3912 1404 3993 specie

287 4008 370 4073 Vita
388 4007 580 4091 Sapientiae
600 4008 717 4090 Ipsius,
737 4027 822 4090 quae
840 4017 981 4070 vocatur
1000 4005 1125 4068 Divina
1143 4002 1290 4079 Veritas,
1309 4005 1403 4068 vide·

287 4112 362 4167 atur
377 4104 410 4167 in
428 4102 589 4166 Doilrina
599 4102 724 4165 ¹Novae
738 4100 986 4182 Hierosolymae
998 4099 1039 4162 de
1051 4096 1191 4161 Domino
1208 4096 1254 4179 (n.
1273 4112 1351 4180 50-5
1356 4099 1402 4181 3),

289 4197 342 4260 ubi
364 4197 397 4261 id
420 4218 466 4260 ex
489 4196 605 4260 Verbo
627 4196 899 4259 demonstratum
922 4204 985 4257 est.
1043 4191 1145 4275 Quod
1172 4191 1337 4255 Dominus
1360 4195 1403 4257 sit

294 4288 456 4367 Verbum,
473 4291 626 4353 videatur
640 4289 721 4364 Jolz.
737 4290 756 4351 i.
778 4306 803 4365 1,
824 4305 880 4368 14:
908 4289 998 4371 quod
1014 4288 1057 4350 sit
1073 4287 1220 4361 Veritas,
1237 4286 1318 4360 Joh.
1334 4289 1403 4352 xiV.

287 4383 328 4463 63
351 4384 441 4467 quod
460 4385 503 4447 sit
528 4384 617 4459 Lux,
636 4396 672 4448 et
690 4384 769 4447 inde
789 4382 985 4460 illustratio,
1001 4381 1081 4456 Joh.
1097 4382 1155 4443 xii.
1174 4380 1286 4460 34-36.

348 4481 450 4562 667.
477 4488 495 4516 ”
505 4478 607 4549 liuore
617 4499 722 4543 omnes
730 4485 842 4561 pentat
856 4478 1017 4542 maionis!
1026 4476 1197 4539 adorabunt
1206 4496 1312 4539 eorum
1327 4477 1405 4549 Το,”

288 4570 455 4654 significat
474 4572 563 4655 quod
575 4592 684 4653 omnes
703 4571 763 4655 qui
779 4570 813 4636 in
832 4570 912 4635 bono
929 4570 1053 4635 amoris
1067 4579 1100 4633 et
1120 4568 1297 4632 charitatis
1314 4580 1403 4646 sunt,
