3384 5400
327 648 390 714 732
647 644 893 697 nrocnnvssn
916 642 1128 695 navemn.

388 814 492 897 83⁰·
518 826 531 893 [
539 826 603 875 Vere
619 824 673 891 re]
699 812 764 876 ‘fr
776 813 870 877 haist
882 833 977 895 super·
991 813 1166 877 sustinento
1179 818 1214 877 ot
1224 832 1319 895 super·
1334 814 1447 877 ianm

328 902 1447 986 Snolomenscorpion,Rermpnmstiiomimrdominouum,''significat

329 998 418 1079 quod
439 996 601 1061 Dominus
623 996 736 1060 doceas
759 996 794 1059 in
825 995 930 1059 Verbo
951 996 1061 1079 qualis
1086 1005 1145 1070 cst,
1170 996 1260 1077 quod
1282 996 1329 1059 sit
1351 995 1446 1060 Divi·

329 1113 406 1162 num
432 1090 553 1154 Verum
574 1090 720 1153 Divinae
740 1090 935 1172 Sapientiae
952 1100 984 1153 et
999 1090 1160 1155 Dabz‘num
1181 1090 1310 1153 Bonum
1332 1088 1450 1153 Divini

328 1186 477 1261 Amris,
497 1185 547 1248 ita
569 1185 659 1266 quod
675 1185 723 1248 sit
742 1184 833 1249 Deus
859 1184 1134 1249 tiniensi-Per
1155 1182 1447 1249 “vestimentum’'

329 1282 466 1344 Domini
495 1278 703 1362 significatur
729 1280 881 1343 Verbum
908 1280 1020 1361 quoad
1051 1279 1209 1345 Divinum
1238 1279 1368 1343 Verum
1397 1278 1446 1361 (ut

328 1396 438 1457 supra,
459 1396 490 1437 n.
510 1372 634 1457 8251¹¹):
659 1396 717 1457 per
738 1373 894 1439 “femur”
914 1374 1051 1438 Domini
1069 1372 1277 1455 significatur
1297 1374 1446 1439 Verbum

328 1471 440 1553 quoad
459 1470 617 1533 Divinum
637 1470 789 1547 Bonum;
812 1470 903 1553 quod
921 1469 1097 1533 “semota''
1116 1479 1151 1533 et
1169 1469 1303 1533 “lumbi
1311 1468 1326 1493 '⁹
1345 1468 1446 1551 signi·

328 1566 431 1630 ficent
451 1565 616 1630 Amorem
636 1564 862 1647 conjugialem
886 1563 935 1645 (et
955 1566 1031 1648 quia
1049 1565 1106 1628 ille
1125 1564 1235 1628 Amor
1253 1577 1307 1628 est
1329 1565 1445 1627 sunda·

328 1662 488 1725 mentalis
521 1660 671 1723 omnium
703 1678 866 1733 amorum,
900 1659 977 1723 ideo
1012 1659 1189 1723 “femora”
1222 1670 1257 1723 et
1293 1656 1446 1723 “lumbi'’

328 1753 521 1837 significant
539 1754 665 1817 bonum
682 1752 833 1835 amoris),
853 1751 917 1835 [et]
935 1753 1025 1835 quod
1044 1753 1109 1817 hoc
1126 1754 1169 1817 sit
1186 1773 1231 1815 ex
1248 1772 1445 1835 correspon-

328 1850 455 1925 dentia,
467 1849 620 1912 videatur
631 1868 731 1929 supra
746 1846 792 1929 (n.
806 1847 883 1929 213)
897 1869 904 1925 ;
923 1847 999 1910 ideo
1013 1867 1089 1911 cum
1103 1847 1393 1911 “femur’'rdicitur
1404 1847 1446 1909 de

329 1943 488 2017 Domino,
505 1940 713 2023 significatur
730 1940 807 2023 lpse
825 1941 937 2023 quoad
957 1941 1088 2005 Bonum
1105 1940 1255 2016 Amoris,
1273 1942 1325 2005 hic
1343 1942 1444 2005 etiam

329 2038 481 2102 Verbum
503 2036 615 2118 quoad
637 2035 738 2097 illud:
763 2056 822 2117 per
844 2034 1010 2099 “Nomen
1032 2036 1217 2117 scriptum''
1240 2035 1445 2117 significatur

328 2130 428 2214 quale
453 2129 601 2204 Domini,
625 2138 662 2191 ut
685 2149 784 2212 supra
810 2127 857 2210 (n.
882 2126 1006 2211 824[’³):
1038 2150 1097 2211 per
1121 2130 1283 2211 “Regem
1306 2152 1421 2213 regum
1430 2131 1444 2155 ”

328 2224 529 2307 intelligitur
548 2223 714 2286 Dominus
729 2224 841 2305 quoad
861 2223 1019 2289 Divinum
1039 2224 1167 2287 Verum
1188 2224 1331 2289 Divinae
1351 2226 1443 2309 Sapi-

328 2321 451 2395 entiae,
465 2328 500 2381 et
516 2338 576 2401 per
590 2317 802 2381 “Dominum
814 2319 1027 2382 dominorum
1036 2319 1051 2343 ”
1062 2318 1264 2399 intelligitur
1281 2319 1443 2385 Dominus

328 2414 439 2497 quoad
462 2414 621 2476 Divinum
645 2411 777 2475 Bonum
799 2412 911 2475 Divini
931 2413 1088 2490 Amoris;
1112 2412 1220 2477 simile
1239 2414 1443 2495 significatur

328 2529 387 2591 per
399 2508 557 2589 Regnum
571 2518 607 2570 et
620 2527 679 2589 per
688 2506 883 2570 Dominium
898 2508 1044 2582 Domini,
1057 2508 1112 2570 ubi
1125 2518 1303 2591 utrumque
1314 2510 1442 2583 dicitur.

327 2602 481 2665 videatur
510 2622 609 2683 supra
640 2600 686 2682 (n.
715 2599 805 2682 664).
862 2600 949 2681 Quia
975 2602 1096 2665 dicitur
1127 2602 1234 2665 “Rex
1264 2624 1382 2685 regum
1410 2614 1443 2667 et

328 2696 495 2761 Dominus
504 2694 747 2771 dominorum,”
757 2705 792 2758 et
805 2715 864 2778 per
876 2694 933 2758 illa
946 2694 1146 2777 intelligitur
1159 2695 1325 2762 Dominus
1336 2697 1443 2782 quoad

329 2791 487 2853 Divinum
516 2789 644 2852 Verum
673 2799 709 2852 et
736 2790 847 2872 quoad
878 2789 1036 2853 Divinum
1068 2790 1210 2866 Bonum,
1239 2793 1317 2855 ideo
1344 2796 1443 2858 etiam

328 2886 449 2948 dicitur
473 2884 636 2946 “Nomen
663 2884 825 2966 scriptum
852 2904 952 2966 super
978 2887 1185 2948 vestimento
1211 2895 1246 2949 et
1274 2907 1375 2968 super
1401 2889 1445 2952 ie·

329 2999 421 3042 more
433 2977 459 3056 ;'¹
482 2988 517 3041 et
536 2999 595 3060 per
615 2976 779 3042 “Nomen
798 2979 960 3060 scriptum
979 2999 1079 3062 super
1097 2981 1326 3045 vestimento”
1343 2982 1447 3064 signi·

327 3073 446 3137 ficatur
469 3071 621 3135 Verbum
647 3072 758 3154 quoad
786 3072 945 3135 Divinum
973 3071 1112 3148 Verum,
1136 3085 1172 3136 et
1198 3094 1258 3157 per
1282 3075 1448 3142 “Nomen

328 3169 489 3250 scriptum
503 3187 601 3248 super
613 3165 739 3229 femore
747 3165 762 3190 ”
774 3165 982 3248 significatur
995 3165 1146 3231 Verbum
1159 3168 1270 3251 quoad
1288 3169 1452 3234 Divinum

329 3261 470 3325 Bonum.
516 3260 707 3344 Utrumque
726 3271 778 3324 est
797 3262 830 3323 in
851 3260 986 3325 Verbo:
1016 3262 1173 3325 Divinum
1194 3263 1321 3327 Verum
1342 3262 1454 3330 Verbi

328 3364 381 3419 est
402 3357 435 3418 in
459 3353 567 3418 Sensu
586 3354 749 3436 spirituali
772 3355 852 3436 ejus,
872 3358 927 3438 qui
950 3365 1003 3418 est
1027 3375 1087 3438 pro
1110 3357 1240 3438 angelis
1264 3359 1366 3423 medii
1391 3377 1456 3425 seu

328 3449 466 3514 secundi
483 3449 586 3523 Caeli,
604 3449 659 3531 qui
678 3450 711 3513 in
727 3449 955 3530 intelligentia
974 3460 1052 3513 sunt
1071 3471 1115 3513 ex
1136 3451 1266 3514 Divinis
1283 3452 1395 3530 VeriS,
1415 3461 1457 3519 et

328 3544 487 3606 Divinum
509 3542 640 3606 Bonum
660 3542 764 3606 Verbi
787 3553 841 3606 est
865 3543 897 3605 in
921 3541 1029 3607 Sensu
1052 3543 1192 3608 caelesti
1214 3543 1295 3625 ejuS,
1315 3548 1371 3629 qui
1395 3554 1457 3612 est

327 3658 388 3721 pro
406 3637 537 3718 angelis
560 3638 705 3718 supremi
728 3659 786 3700 seu
811 3638 901 3700 tertii
925 3636 1029 3712 Caeli,
1050 3639 1105 3721 qui
1128 3639 1161 3702 in
1182 3641 1350 3722 sapientia
1368 3649 1457 3705 sunt

327 3753 372 3796 ex
391 3732 521 3795 Divinis
540 3731 663 3809 Bonis3
686 3732 746 3794 sed
765 3732 818 3794 hic
838 3729 965 3794 Sensus
983 3741 1037 3795 est
1055 3733 1315 3810 occultissimus,
1336 3735 1456 3800 solum

327 3825 555 3909 perceptibilis
570 3825 635 3888 illis
651 3827 705 3908 qui
721 3827 754 3888 in
770 3846 886 3888 amore
905 3827 938 3888 in
955 3825 1140 3890 Dominum
1155 3848 1175 3890 a
1192 3827 1340 3892 Domino
1357 3844 1453 3896 sunt.

327 3919 428 4003 Quod
447 3922 491 3984 sit
511 3920 686 3995 Dominus,
706 3930 823 4002 aperte
842 3920 964 3984 dicitur
982 3940 1081 4002 supra
1099 3922 1133 3984 in
1151 3920 1379 4004 Apocalypsi:

377 4072 396 4094 ‘¹
404 4068 445 4119 lili
456 4083 516 4117 cunr
529 4067 610 4130 Agno
622 4067 787 4130 pugnabunt,
802 4063 875 4132 [sed]
889 4067 984 4130 Agnus
997 4067 1085 4118 vincet
1097 4068 1167 4130 ilios,
1181 4069 1243 4133 quia
1254 4080 1295 4119 est
1313 4069 1448 4120 Dominus

456 4135 627 4184 dominorum
639 4144 666 4182 et
678 4133 738 4182 Rex
748 4147 841 4195 regum
849 4131 863 4153 ”
875 4133 948 4195 (xvii.
962 4132 1010 4196 14).

327 4287 428 4371 Quod
446 4287 602 4353 “femur''
617 4287 784 4370 significet
801 4288 927 4352 bonum
943 4291 1078 4367 amoris,
1092 4300 1127 4356 et
1144 4311 1219 4356 cum
1237 4292 1279 4355 de
1296 4293 1437 4366 Domino

327 4383 486 4446 Divinum
510 4382 641 4447 Bonum
664 4383 776 4447 Divini
795 4383 943 4460 Amoris,
964 4394 1102 4450 constat
1121 4407 1166 4449 ex
1185 4388 1236 4450 his
1254 4389 1287 4450 in
1308 4387 1436 4453 Verbo:

378 4538 396 4560 “
404 4535 461 4586 Erit
469 4535 576 4600 Justitia
584 4537 718 4599 cingulum
729 4536 893 4587 Lumborum
904 4537 1000 4601 Ipsius,
1010 4549 1038 4588 et
1045 4539 1150 4590 Veritas
1158 4541 1293 4604 cingulum
1305 4541 1436 4592 Feminum

458 4601 546 4666 Ipsius
553 4602 567 4621 ”
579 4602 663 4668 (Esaj.
675 4603 710 4654 xi.
723 4604 763 4665 5);
