3384 5400
347 653 412 735 670
666 666 915 718 arocntvnsm
937 667 1150 719 navatam.

409 835 508 920 7⁶8.
538 835 677 919 Aliquid
696 837 827 900 dicetur
849 836 901 900 hic
925 836 969 900 de
991 835 1051 900 illo
1073 836 1167 900 Vero
1186 838 1278 920 quod
1301 837 1471 901 Dominus

347 932 434 995 dixit
451 931 493 994 ad
514 931 650 994 Petrum
666 931 708 994 de
724 929 884 994 Clavibus
901 931 1013 1014 Regni
1029 929 1219 1007 Caelorum,
1237 941 1273 995 et
1288 931 1331 994 de
1350 941 1469 1014 potes·

347 1036 420 1092 tate
438 1025 567 1107 ligandi
585 1035 620 1088 et
639 1024 793 1088 solvendi
812 1023 953 1106 (Matth.
969 1027 1037 1088 xvi.
1058 1025 1184 1108 15-20).
1230 1025 1357 1089 Dicunt
1374 1025 1468 1108 quod

346 1120 409 1184 illa
427 1129 581 1202 potestas
604 1119 686 1182 data
708 1119 751 1182 sit
775 1119 887 1194 Petro,
910 1130 947 1182 et
969 1121 1059 1202 quod
1083 1118 1250 1183 translata
1272 1119 1307 1182 in
1329 1117 1406 1182 illos
1427 1129 1469 1182 ut

346 1234 559 1278 successores
576 1211 666 1294 ejus;
689 1223 725 1277 et
744 1214 833 1295 quod
857 1215 904 1276 sic
929 1212 1095 1276 Dominus
1113 1213 1284 1296 reliquerit
1308 1212 1408 1276 Petro
1428 1222 1467 1276 et

346 1319 424 1392 post
443 1308 537 1371 illurn
556 1307 621 1371 illis
638 1327 775 1370 omnem
795 1305 897 1370 Suam
917 1316 1138 1389 potestatem,
1155 1317 1191 1370 et
1206 1306 1297 1389 quod
1316 1305 1464 1388 [Petrus]

345 1414 463 1486 ageret
487 1401 659 1466 Vicarium
683 1401 790 1484 Ipsius
813 1402 846 1464 in
869 1410 969 1465 terra.
1024 1399 1092 1466 Sed
1115 1421 1220 1484 usque
1242 1422 1288 1465 ex
1310 1401 1465 1482 ipsismet

346 1498 483 1562 Domini
506 1496 616 1560 verbis
639 1505 735 1578 patet
759 1496 937 1559 manifeste
959 1496 1049 1578 quod
1079 1515 1123 1558 ne
1152 1494 1258 1558 hilum
1281 1496 1465 1576 potestatis

345 1593 476 1656 dederit
493 1592 603 1665 Petr0,
621 1590 702 1654 dicit
718 1590 808 1653 enim
825 1589 1002 1664 Dominus,
1022 1588 1157 1671 “Super
1171 1588 1235 1652 hac
1255 1587 1356 1652 Petra
1370 1588 1464 1650 aedi·

344 1685 454 1750 ficabo
471 1684 661 1749 Ecclesiam
678 1683 791 1747 Meam
804 1684 829 1761 ;”
852 1704 912 1766 per
925 1683 1089 1747 “Petram
1097 1683 1112 1707 ’⁹
1123 1681 1332 1765 significatur
1345 1682 1464 1745 Domi-

345 1800 407 1843 nus
434 1779 544 1862 quoad
572 1779 730 1842 Divinum
758 1778 867 1860 Ipsius
893 1777 1041 1856 Verum;
1064 1787 1109 1861 et
1137 1776 1295 1840 Divinum
1323 1776 1463 1850 Verum,

334 1874 434 1957 ¹quod
450 1884 503 1937 est
520 1873 630 1948 Petra,
647 1873 692 1935 ibi
710 1882 763 1935 est
778 1873 869 1954 quod
888 1871 1006 1935 Petrus
1022 1871 1195 1937 consessus
1210 1881 1264 1937 est
1279 1879 1464 1953 antequam

345 1967 510 2032 Dominus
529 1966 588 2030 illa
605 1966 704 2042 dixit,
724 1966 813 2050 quod
833 1976 886 2030 est
905 1965 989 2029 hoc:

395 2113 413 2136 ‘¹
421 2110 495 2160 Dinit
507 2110 585 2175 Jesus
598 2109 743 2172 discipulis,
755 2109 811 2158 Vos
824 2123 889 2158 vero
900 2123 979 2172 quem
994 2107 1040 2158 Me
1052 2108 1139 2158 dicitis
1151 2122 1228 2166 esse;
1245 2109 1412 2170 respondens
1423 2107 1465 2157 Si-

474 2191 542 2302 ppon1
544 2176 644 2304 §aprus
653 2175 727 2234 dixit,
739 2175 781 2224 Tu
793 2189 822 2223 es
832 2173 955 2224 Christus
965 2173 1048 2224 Filius
1057 2173 1108 2224 Dei
1118 2174 1233 2223 viventis
1240 2172 1255 2193 ’⁹
1262 2171 1382 2240 ([Μαιτλ.
1392 2169 1461 2236 xvi]

343 2357 408 2419 hoc
436 2355 564 2419 Verum
592 2365 645 2418 est
672 2375 771 2438 super
797 2375 864 2437 quo
891 2353 1057 2417 Dominus
1083 2353 1240 2419 aedificat
1269 2353 1462 2419 Ecclesiam

343 2449 457 2525 Suam,
475 2460 509 2512 et
530 2451 647 2513 Petrus
667 2459 746 2513 tunc
764 2449 1043 2531 repraesentabat
1061 2448 1143 2511 illud
1163 2448 1311 2525 Verum;
1334 2471 1379 2512 ex
1393 2471 1463 2533 quo

332 2555 451 2629 patet,
470 2545 559 2627 quod
576 2543 743 2607 consessio
759 2543 907 2618 Domini,
924 2543 1014 2625 quod
1030 2545 1074 2606 sit
1091 2542 1194 2606 Filius
1211 2543 1274 2606 Dei
1291 2543 1459 2619 Viventis,

343 2638 404 2705 Cui
428 2649 582 2722 potestas
605 2647 658 2701 est
682 2657 780 2720 super
803 2635 943 2701 Caelum
966 2646 1001 2701 et
1020 2635 1161 2701 Terram
1186 2634 1324 2719 (Marta.
1343 2639 1460 2703 xxviii.

347 2734 410 2816 18),
431 2735 474 2796 sit
497 2753 596 2813 super
614 2752 679 2814 qua
703 2731 869 2794 Dominus
888 2730 1043 2795 aedificat
1067 2730 1258 2795 Ecclesiam
1278 2730 1391 2810 Suam,
1411 2736 1461 2797 ita

342 2849 441 2910 super
460 2826 503 2891 Se
526 2837 561 2890 et
583 2846 651 2889 non
670 2846 769 2907 super
788 2826 898 2889 Petro.
945 2824 1045 2907 Quod
1065 2825 1462 2915 Dominustintelligatur

341 2944 401 3005 per
421 2922 585 2985 “Petram
593 2920 608 2945 ”
625 2922 660 2984 in
679 2920 835 2983 Ecclesia
855 2929 973 2983 notum
992 2928 1055 2983 est.

394 3064 553 3140 Quondam
568 3066 685 3121 locutus
698 3081 763 3120 sum
776 3080 844 3119 cum
859 3064 956 3119 Gente
971 3055 1152 3135 Babylonica
1164 3066 1194 3120 in
1213 3068 1328 3122 mundo
1340 3069 1459 3139 spiritu·

340 3138 378 3193 ali
401 3138 438 3191 de
461 3136 600 3191 Clavibus
624 3135 714 3190 Petro
735 3135 821 3197 datis,
842 3151 913 3188 num
934 3136 1057 3189 credant
1080 3136 1110 3189 in
1131 3136 1215 3190 illum
1235 3137 1418 3194 Potestatem
1441 3156 1460 3195 a

342 3208 473 3262 Domino
486 3224 575 3277 super
587 3206 710 3263 Caelum
723 3217 754 3261 et
766 3204 919 3260 lnlernum
933 3206 1106 3260 translatam
1120 3223 1199 3268 esse:
1217 3210 1298 3277 quod
1314 3210 1383 3279 quia
1394 3222 1460 3265 erat

340 3296 376 3333 ca
396 3288 430 3332 ut
445 3277 609 3348 Religionis
621 3292 732 3339 eorum,
746 3276 940 3331 vehementer
952 3276 1110 3338 instabant,
1123 3277 1258 3333 dieentes
1270 3280 1352 3349 quod
1369 3281 1407 3335 de
1421 3296 1459 3336 eo

341 3294 414 3403 niiil
428 3349 511 3402 dubii
524 3348 570 3409 sit,
584 3348 655 3417 quia
668 3346 823 3401 manileste
836 3346 954 3400 dicitur.

394 3418 452 3474 Sed
475 3418 512 3473 ad
536 3418 805 3488 interrogationem*
821 3431 892 3470 num
912 3417 1015 3479 sciant,
1036 3418 1117 3486 quod
1140 3417 1185 3472 sin
1229 3419 1264 3473 lis
1279 3419 1368 3474 Verbi
1388 3421 1460 3476 insit

341 3488 452 3545 Sensus
470 3488 637 3559 spiritualis,
651 3488 701 3559 qui
718 3499 763 3542 est
782 3502 886 3541 sensus
900 3486 990 3540 Verbi
1010 3486 1040 3540 in
1054 3487 1159 3547 Caelo:
1200 3490 1317 3544 icebant
1330 3492 1458 3561 primum

339 3562 420 3631 quod
434 3576 494 3614 non
507 3560 610 3621 sciant,
624 3559 675 3613 sed
691 3568 794 3628 postea
807 3557 947 3611 dicebant
960 3558 1041 3627 quod
1055 3557 1224 3629 inquisituri
1237 3560 1305 3615 sint.

394 3630 432 3684 Et
453 3646 521 3685 cum
544 3629 739 3700 inquirebant,
763 3626 899 3681 instrutti
922 3639 992 3681 sunt
1013 3628 1094 3697 quod
1114 3627 1226 3683 Sensus
1243 3631 1403 3699 spiritualis
1417 3632 1459 3686 sit

340 3702 369 3755 in
391 3700 516 3771 singulis
536 3700 633 3761 Verbi,
652 3699 703 3769 qui
725 3715 742 3752 a
763 3696 858 3752 Sensu
878 3698 979 3752 literae
997 3698 1097 3752 differt
1114 3708 1148 3752 ut
1164 3699 1317 3768 spirituale
1335 3717 1353 3755 a
1370 3714 1459 3755 natu·

339 3772 405 3833 tali:
419 3783 457 3825 -et
477 3772 596 3839 insuper
607 3766 744 3823 instructi
764 3780 841 3829 sunt,
855 3769 936 3837 quod
957 3784 1016 3821 uon
1035 3768 1136 3838 aliqua
1154 3768 1287 3824 Persona
1306 3772 1459 3827 nominata

339 3842 368 3895 in
384 3842 482 3964 Verblp
502 3842 672 3895 nominetur
685 3840 714 3893 in
734 3837 832 3901 Caelo,
846 3838 899 3896 sed
913 3838 995 3908 quod
1015 3838 1082 3893 loco
1094 3840 1160 3909 ejus
1171 3840 1292 3910 aliquod
1306 3842 1458 3913 spirituale

339 3912 378 3967 ibi
393 3912 453 3965 inte
478 3912 486 3965 i
507 3922 581 3965 atur.

392 3928 547 4036 lnlorriiati
566 3980 695 4051 denique
714 3990 783 4034 sunt
798 3979 881 4062 quod
900 3994 955 4049 pro
967 3986 983 4007 ‘⁴
992 3977 1082 4033 Petro
1089 3980 1105 3998 ”
1119 3978 1148 4033 in
1161 3978 1262 4035 Verbo
1276 3981 1458 4053 intelligatur

340 4052 488 4107 Ecclesiae
502 4052 613 4106 Verum
627 4067 663 4105 ex
684 4050 778 4112 Bono,
792 4050 929 4104 similiter
942 4066 994 4119 per
1007 4057 1022 4078 '⁴
1031 4049 1177 4111 Petram,''
1185 4066 1263 4121 quae
1275 4063 1349 4106 tunc
1360 4053 1457 4107 nomi·

338 4133 425 4177 natur
444 4138 589 4177 unacum
610 4121 715 4181 Petr0;
740 4130 770 4175 et
782 4120 863 4190 quod
884 4136 936 4190 per
949 4118 979 4172 id
998 4119 1066 4173 sciri
1086 4120 1180 4190 possit
1192 4122 1275 4191 quod
1290 4138 1351 4177 non
1366 4122 1457 4179 Petro

338 4194 407 4247 data
432 4194 471 4247 sit
495 4192 533 4247 ali
556 4209 595 4246 ua
618 4201 759 4261 potestas,
784 4191 836 4245 sed
883 4190 943 4243 uod
965 4188 1046 4243 Vero
1070 4206 1107 4243 ex
1133 4190 1237 4254 Bouo;
1265 4209 1334 4247 narn
1358 4194 1456 4249 omnis

338 4273 470 4333 potestas
491 4264 519 4316 in
582 4262 636 4316 elis
651 4271 697 4315 est
706 4260 786 4315 Vero
799 4276 835 4316 ex
903 4275 950 4321 no,
964 4276 1017 4313 seu
1038 4260 1114 4314 Boni
1134 4278 1187 4331 per
1198 4261 1325 4326 Verum;
1343 4275 1374 4318 et
1385 4265 1457 4345 quia

337 4350 427 4387 omne
442 4332 558 4387 Bonum
572 4343 604 4387 et
616 4348 704 4386 omne
718 4331 830 4385 Verum
841 4340 914 4384 sunt
925 4346 963 4384 ex
983 4328 1122 4393 Domino,
1136 4342 1168 4385 et
1182 4332 1255 4385 nihil
1275 4350 1312 4387 ex
1326 4335 1455 4396 bomine,

337 4404 418 4474 quod
435 4404 532 4458 omnis
546 4414 679 4473 potestas
691 4402 730 4455 sit
744 4400 883 4456 Domino.

393 4470 448 4528 His
460 4474 570 4527 auditis
590 4470 734 4542 indignati
754 4471 894 4526 dixerunt
912 4470 993 4541 quod
1007 4471 1101 4525 velint
1118 4470 1193 4527 scire
1208 4489 1281 4527 num
1301 4474 1325 4529 is
1344 4474 1456 4530 Sensus

336 4544 497 4615 spiritualis
510 4544 548 4597 sit
562 4544 591 4596 in
606 4543 662 4596 illis
676 4543 780 4596 verbis.

391 4612 580 4685 Quapropter
592 4613 695 4667 datum
709 4623 755 4667 est
768 4612 825 4667 illis
837 4612 969 4667 Verbum
982 4612 1064 4682 quod
1080 4612 1110 4665 in
1124 4610 1223 4676 Caelo,
1237 4613 1341 4685 inquo
1353 4614 1456 4672 Verbo
