3384 5400
520 711 599 762 cnr.
617 712 721 775 xxm,
738 712 840 762 vans.
858 712 966 762 2.—N·
982 714 1054 781 933·
1284 702 1347 783 839

224 891 259 946 et
282 883 393 965 quoad
417 880 568 958 Caelum,
592 902 624 945 n.
652 899 699 961 14,
724 898 797 959 221,
821 884 916 963 222,
941 884 994 948 hic
1018 885 1132 967 itaque
1155 905 1173 949 e
1197 883 1303 950 Caelo
1326 908 1346 950 a

226 977 392 1041 Domino:
416 997 476 1060 per
495 976 635 1041 “Deum
654 988 690 1041 et
709 976 873 1059 Agnum”
892 977 1101 1061 significatur
1123 980 1189 1054 hic,
1209 990 1246 1043 ut
1269 1000 1344 1044 sae-

225 1073 297 1154 pius
327 1091 436 1153 supra,
470 1071 636 1135 Dominus
665 1073 777 1155 quoad
811 1071 926 1154 Ipsum
959 1072 1118 1136 Divinum
1151 1094 1170 1136 a
1201 1072 1279 1155 Quo
1309 1086 1345 1139 et

225 1166 335 1248 quoad
369 1165 528 1229 Divinum
563 1165 769 1229 Humanum.
815 1164 917 1247 Quod
950 1187 1009 1248 per
1040 1166 1203 1230 “fluvium
1237 1190 1344 1251 aquae

224 1260 337 1323 vitae”
359 1261 447 1323 hunc
470 1261 506 1322 in
529 1262 642 1342 specie
668 1260 903 1341 intelligantur
926 1259 1050 1323 Divina
1071 1260 1164 1325 Vera
1190 1263 1223 1325 in
1247 1266 1345 1347 copia

224 1352 276 1417 hic
297 1372 385 1417 nunc
407 1355 440 1416 in
459 1353 668 1436 Apocalypsi
686 1374 706 1417 a
729 1354 877 1417 Domino
894 1354 1057 1431 revelata,
1077 1364 1175 1438 patet
1197 1378 1218 1420 a
1239 1358 1344 1421 versi·

224 1448 286 1510 bus
314 1446 346 1523 6,
373 1463 403 1528 7,
430 1464 461 1529 9,
493 1463 540 1524 10,
572 1465 619 1527 14,
652 1448 761 1529 16-19,
792 1447 889 1529 hujus
919 1450 1051 1530 eapitis,
1083 1449 1138 1513 ubi
1168 1450 1211 1513 de
1241 1450 1344 1514 Libro

224 1540 320 1622 hujus
342 1542 540 1623 prophetiae
569 1543 691 1623 agitur,
716 1552 752 1605 et
776 1541 866 1624 quod
890 1542 1056 1605 servanda
1086 1544 1153 1606 sint
1184 1564 1270 1627 quae
1299 1546 1345 1608 ibi

225 1636 351 1718 scripta
373 1644 472 1714 sunt;
506 1655 591 1718 quae
614 1654 683 1698 non
706 1637 831 1698 servari
861 1645 1054 1717 potuerunt,
1077 1646 1262 1721 antequam
1285 1660 1345 1721 per

226 1727 369 1792 Sensum
392 1728 601 1812 spiritualem
624 1728 776 1792 revelata
798 1738 877 1792 sunt
902 1750 987 1812 quae
1009 1731 1090 1795 inibi
1113 1734 1342 1805 continentur.

225 1824 301 1905 quia
324 1824 412 1905 prius
435 1843 503 1887 non
527 1821 703 1887 intelledm
724 1823 876 1888 suerunt:
911 1834 947 1887 et
970 1846 1104 1907 quoque
1119 1825 1344 1909 Apocalypsis

225 1927 279 1980 est
297 1916 459 1992 Verbum,
477 1917 585 1981 simile
601 1916 718 1982 Verbo
733 1918 934 2001 prophetico
950 1918 1087 1983 Veteris
1107 1921 1342 2001 Testamenti;

224 2022 260 2074 et
278 2010 313 2073 in
328 2010 535 2093 Apocalypsi
550 2031 638 2075 nunc
654 2008 791 2075 detecta
807 2022 886 2075 sunt
903 2012 993 2075 mala
1011 2022 1046 2077 et
1065 2012 1149 2078 ialsa
1166 2014 1343 2083 Ecclesiae

225 2125 310 2188 quae
329 2104 487 2187 fugienda
508 2116 544 2170 et
566 2107 755 2170 aversanda
772 2115 862 2183 sunt,
883 2128 922 2171 ac
946 2108 1036 2172 bona
1058 2119 1094 2172 et
1116 2130 1197 2174 vera
1219 2110 1343 2175 Eccle-

225 2200 293 2263 siae
309 2220 394 2282 quae
409 2200 572 2275 iacienda,
591 2202 752 2283 imprimis
770 2202 813 2264 de
832 2201 981 2266 Domino
999 2213 1035 2267 et
1053 2204 1096 2268 de
1114 2204 1186 2268 vita
1203 2215 1343 2269 aeterna

225 2293 268 2355 ab
287 2292 387 2374 Ipso;
415 2314 501 2377 quae
518 2295 655 2377 quidem
674 2295 840 2358 docentur
858 2295 947 2377 apud
971 2296 1168 2379 Prophetas,
1189 2298 1250 2361 sed
1273 2319 1341 2363 non

225 2387 273 2449 ita
291 2387 468 2451 manifeste
491 2399 527 2451 ut
551 2387 639 2471 apud
663 2387 905 2470 Evangelistas
928 2399 963 2453 et
986 2391 1019 2453 in
1041 2390 1073 2453 Α
1074 2391 1270 2473 pocalypsi‚·
1302 2414 1341 2459 ac

226 2480 349 2545 Divina
368 2481 460 2544 Vera
482 2483 524 2545 de
548 2482 707 2559 Domin0,
731 2482 821 2565 quod
844 2484 889 2547 sit
913 2482 1005 2547 Deus
1028 2483 1122 2548 Caeli
1145 2496 1181 2549 et
1203 2485 1340 2564 Terrae,

225 2596 311 2657 quae
333 2584 414 2638 tunc
438 2577 626 2658 procedunt
648 2576 693 2639 ab
716 2577 805 2658 lpso,
829 2586 866 2640 et
895 2578 1100 2660 recipiuntur
1122 2579 1166 2642 ab
1194 2580 1260 2645 illis
1287 2584 1343 2665 qui

224 2670 259 2733 in
271 2668 371 2734 Nova
384 2669 623 2752 Hierosolyma
635 2680 744 2746 erunt,
758 2671 801 2734 de
816 2671 935 2754 quibus
948 2673 1060 2754 agitur
1075 2674 1108 2737 in
1124 2673 1340 2758 Apocalypsi,

225 2774 303 2827 sunt
319 2766 453 2846 quaein
469 2765 580 2847 specie
596 2765 832 2847 intelliguntur
848 2785 907 2848 per
921 2771 1067 2848 “purum
1083 2767 1218 2832 fluvium
1234 2790 1342 2853 aquae

225 2858 315 2920 vitae
330 2857 544 2941 splendidum
560 2867 722 2942 tanquam
738 2859 949 2940 crystallum,
964 2871 1149 2925 exeuntem
1167 2883 1185 2926 e
1202 2863 1342 2929 Throno

226 2951 289 3016 Dei
307 2961 343 3016 et
361 2950 486 3034 Agni,”
504 2962 541 3016 ut
560 2973 692 3036 quoque
711 2963 869 3018 constare
888 2963 1004 3037 potest
1022 2975 1067 3018 ex
1086 2955 1156 3019 his:

272 3099 352 3167 Jecur
368 3100 435 3150 dixit
453 3100 608 3166 “Quisquis
625 3101 707 3150 credit
730 3101 757 3150 in
779 3099 833 3160 Me,
854 3101 922 3150 sicut
938 3102 1004 3151 dixit
1022 3101 1164 3165 Scriptura,
1185 3104 1310 3158 Flumina
1326 3123 1341 3157 e

353 3166 455 3215 Ventre
467 3166 525 3228 ejus
537 3165 621 3215 fluent
631 3167 725 3230 Aquae
736 3166 853 3216 viventis
862 3165 877 3186 ”
887 3165 962 3231 (Joh.
975 3167 1020 3217 vii.
1033 3168 1090 3230 abl:

273 3229 352 3296 Jesus
362 3231 430 3282 dixit
443 3231 520 3295 “Qui
531 3231 628 3281 biberit
638 3247 673 3280 ex
684 3247 761 3295 aqua,
775 3246 854 3295 quam
869 3231 927 3294 Ego
938 3233 1008 3282 dabo
1020 3234 1053 3291 ei,
1068 3249 1123 3284 non
1136 3235 1208 3284 sitiet
1219 3236 1247 3285 in
1256 3246 1342 3286 aeter-

354 3310 435 3356 num;
457 3298 505 3346 sed
522 3311 591 3360 aqua
602 3312 682 3360 quam
694 3297 763 3347 dabo
780 3297 805 3346 ei
822 3297 868 3346 fiet
883 3299 912 3347 in
929 3298 975 3347 illo
994 3298 1065 3348 Fons
1077 3315 1162 3364 aquae
1174 3301 1295 3351 salientis
1313 3304 1341 3352 in

353 3362 436 3411 vitam
448 3373 584 3412 aeternam
592 3361 607 3382 ’⁹
618 3361 693 3427 (Joh.
704 3362 739 3412 iv.
753 3362 809 3423 14);

275 3428 293 3450 “
301 3425 358 3488 Ego
370 3427 471 3477 sitienti
482 3428 552 3477 dabo
564 3443 597 3476 ex
610 3429 688 3491 Aqua
698 3428 770 3477 vitae
780 3426 887 3490 gratis”
897 3426 983 3492 (Apor.
996 3428 1049 3478 xxi.
1061 3429 1093 3488 ⁶3
1111 3443 1168 3493 cap.
1179 3431 1243 3481 xxii.
1257 3430 1313 3496 17);

275 3494 293 3516 ‘⁸
302 3491 337 3542 Et
347 3492 443 3572 Agnus
456 3492 507 3556 Qui
525 3493 556 3578 iq
571 3493 660 3542 medio
672 3492 778 3585 Tuhroni·
792 3503 883 3556 pascet
894 3507 951 3553 eos,
965 3503 992 3543 et
1002 3493 1115 3544 deducet
1129 3497 1163 3547 ed
1175 3495 1258 3547 Vivos
1272 3497 1341 3548 Fon-

275 3620 334 3672 “Iu
352 3557 708 3687 ilerseaiilbareuxlibuiripriqovtib
721 3559 800 3672 iiiia
818 3638 852 3673 ex
873 3622 1227 3702 Hierqsolymanehovab
1244 3628 1295 3678 erit
1311 3629 1339 3678 in

354 3687 456 3750 Regem
468 3703 551 3737 unum
563 3704 643 3751 super
655 3698 738 3738 totam
751 3698 865 3748 terram;
889 3690 916 3738 in
934 3690 978 3738 dre
995 3690 1041 3738 rllo
1058 3701 1109 3740 ent
1125 3689 1248 3756 Jehovah
1259 3709 1337 3752 uuus,

353 3763 380 3803 et
392 3753 498 3803 Nomen
512 3752 599 3816 Ipsius
610 3769 693 3803 unum
701 3754 717 3773 ”
729 3751 814 3816 (Such.
826 3755 880 3805 xiv.
893 3755 915 3814 8,
927 3758 969 3818 9);

222 3925 283 3988 per
313 3910 446 3989 “aquas
474 3906 590 3970 vivas”
620 3925 679 3970 seu
709 3906 851 3972 “vitae”
880 3908 1112 3990 significantur
1141 3911 1186 3975 ibi
1217 3911 1339 3977 Divina

223 3999 316 4063 Vera
333 4019 354 4063 a
371 3998 530 4064 Domino.

281 4105 383 4173 933.
408 4101 493 4168 [Vere
505 4101 544 4166 a]
570 4092 629 4153 ‘in
644 4092 742 4156 medab
758 4094 882 4175 plateae
903 4098 937 4157 et
954 4093 1036 4158 dorii
1048 4095 1118 4158 irino
1136 4102 1170 4160 et
1186 4097 1267 4170 irino,
1283 4098 1341 4162 Ar·

221 4180 277 4243 ior
291 4179 369 4242 ritae
383 4180 503 4243 loeium
518 4180 639 4244 irrotat
652 4182 845 4255 duodecim,''
856 4183 1025 4265 significat
1040 4186 1132 4267 quod
1147 4186 1184 4249 in
1202 4187 1338 4253 intimis

220 4271 400 4336 ventarum
414 4271 584 4336 doiirinae
597 4283 630 4337 et
645 4273 722 4337 inde
735 4275 825 4338 vr'tae
841 4274 876 4338 in
893 4273 1042 4340 Ecclesia
1059 4276 1108 4340 sit
1122 4277 1289 4343 Dominus
1303 4281 1338 4344 in

220 4365 344 4430 Divino
359 4364 426 4430 Suo
436 4365 570 4442 Amore,
584 4388 606 4430 a
623 4367 692 4445 Quo
705 4369 815 4432 omnia
830 4368 914 4432 bona
929 4389 1012 4451 quae
1024 4369 1119 4433 homo
1125 4371 1218 4450 sarit
1230 4380 1338 4453 appa·

219 4471 334 4524 renter
353 4460 440 4523 sicut
458 4481 502 4522 ex
522 4481 566 4536 se,
582 4460 874 4545 profluunt.-Per
891 4464 953 4526 “in
976 4464 1088 4528 medio
1096 4463 1111 4489 '¹
1129 4464 1338 4547 significatur

220 4555 253 4617 in
283 4555 415 4630 intimo,
439 4563 475 4618 et
505 4553 584 4618 inde
611 4555 646 4618 in
675 4557 831 4619 omnibus
861 4557 986 4620 circum
1013 4555 1059 4638 (n.
1075 4573 1128 4636 44,
1147 4557 1244 4642 383);
1278 4581 1338 4643 per

222 4647 424 4731 “plateam’'
442 4647 650 4731 significatur
671 4669 787 4713 verum
806 4648 979 4715 dodtrinae
999 4650 1176 4716 Ecclesiae
1196 4652 1243 4735 (n.
1264 4668 1335 4736 501,
