3384 5400
377 692 442 760 714
465 654 471 669 '
696 688 944 741 arocncvvsm
967 690 1182 742 neveram.-

379 859 529 923 Domino
544 858 623 933 sint,
640 858 693 922 hic
712 858 802 941 quod
821 878 909 922 nunc
926 859 1058 942 angelis
1076 870 1111 923 et
1129 860 1320 924 hominibus
1339 859 1422 940 sint;
1444 881 1486 926 ex

378 974 489 1029 causa,
509 955 586 1036 quia
608 955 729 1017 remoti
752 964 787 1017 et
810 951 923 1034 rejedii
947 964 1025 1017 sunt
1049 954 1237 1035 Babylonii,
1256 956 1312 1039 qui
1334 956 1487 1019 influxum

377 1048 512 1113 illorum
535 1069 556 1111 a
578 1047 728 1111 Domino
749 1047 1052 1129 interpolaverunt,
1076 1049 1338 1113 debilitaverunt
1368 1052 1488 1115 etim·

377 1143 596 1224 pediverunt:
621 1141 775 1207 similiter
790 1152 827 1205 ut
843 1144 876 1205 in
893 1142 1020 1205 mundo
1036 1143 1141 1205 nubes
1154 1144 1269 1225 nigrae
1284 1144 1373 1207 inter
1388 1143 1489 1208 solem

377 1247 413 1299 et
429 1237 604 1313 homines;
628 1255 706 1299 nam
721 1237 808 1299 sicut
824 1236 884 1300 lux
900 1236 982 1300 solis
997 1236 1112 1299 mundi
1131 1236 1364 1318 interpolatur,
1377 1238 1490 1302 debili·

377 1342 470 1394 tatur
492 1341 528 1394 et
551 1331 731 1413 impeditur
753 1350 812 1413 per
834 1331 1052 1413 interpositas
1071 1332 1184 1411 nigras
1207 1333 1323 1407 nubes,
1343 1332 1490 1397 similiter

378 1426 438 1489 lux
462 1423 551 1488 Solis
574 1423 678 1498 Caeli,
701 1425 757 1507 qui
786 1435 840 1488 est
871 1424 1047 1499 Dominus,
1072 1444 1130 1507 per
1160 1425 1377 1509 interpositas
1403 1438 1489 1491 atras

377 1519 544 1583 falsitates
563 1540 582 1582 a
601 1518 815 1599 Babyloniis;
839 1539 973 1601 prorsus
992 1517 1109 1582 similis
1131 1539 1184 1582 res
1203 1529 1266 1593 est,
1286 1522 1389 1585 modo
1406 1522 1491 1604 quod

377 1633 480 1676 unum
498 1614 541 1677 sit
558 1612 710 1676 naturale
729 1622 764 1676 et
783 1612 927 1676 alterum
943 1612 1136 1695 spirituale:
1160 1614 1263 1677 etiam
1279 1614 1442 1679 falsitates
1461 1617 1491 1679 in

377 1708 505 1771 mundo
527 1706 691 1790 spirituali
713 1717 879 1789 apparent
902 1708 988 1770 sicut
1011 1708 1129 1782 nubes,
1152 1708 1314 1772 obscurae
1337 1729 1376 1774 ac
1404 1720 1492 1774 atrae

377 1802 562 1867 secundum
577 1801 676 1884 quale
691 1820 815 1864 earum.
862 1800 957 1864 Haec
973 1821 1107 1884 quoque
1123 1822 1223 1865 causa
1238 1813 1302 1875 est,
1319 1804 1412 1885 quod
1429 1824 1493 1867 non

378 1898 591 1979 priusquam
614 1906 692 1977 post
716 1895 885 1960 Ultimum
907 1894 1074 1976 Judicium
1096 1892 1266 1961 revelatus
1294 1897 1339 1960 sit
1369 1896 1492 1963 Sensus

377 1990 558 2073 spiritualis
580 1990 696 2065 Verbi,
720 2000 755 2053 et
785 1990 876 2072 quod
900 1989 998 2054 Solus
1022 1990 1187 2053 Dominus
1211 1991 1254 2054 sit
1288 1990 1380 2055 Deus
1404 1987 1493 2057 Caeli

377 2098 413 2150 et
429 2086 575 2164 Terrae;
599 2105 658 2168 per
673 2084 842 2150 Ultimum
858 2087 948 2149 enim
965 2084 1130 2167 Judicium
1146 2086 1268 2149 remoti
1283 2096 1363 2150 sunt
1384 2086 1493 2168 Baby·

378 2182 469 2257 lonii,
489 2191 525 2243 et
543 2200 676 2263 quoque
695 2178 884 2243 Reformati
902 2180 958 2262 qui
977 2178 1085 2243 solam
1108 2178 1227 2243 Fidem
1246 2180 1391 2244 confessi
1409 2190 1494 2253 sunt,

377 2295 518 2359 quorum
541 2274 707 2338 falsitates
729 2272 861 2337 fuerunt
887 2276 974 2339 sicut
1000 2273 1114 2337 furvae
1144 2274 1250 2337 nubes
1278 2274 1495 2358 interpositae

377 2373 467 2435 inter
490 2370 672 2434 Dominum
695 2379 730 2432 et
754 2370 842 2432 inter
865 2368 1019 2432 homines
1041 2388 1141 2451 super
1163 2368 1280 2446 terris;
1311 2379 1346 2433 et
1366 2390 1495 2452 quoque

341 2546 344 2552 1
377 2468 512 2530 fuerunt
541 2466 628 2527 sic-ut
657 2463 791 2547 frigora,
819 2484 905 2546 quae
935 2462 1083 2528 calorem
1113 2462 1330 2545 spiritualem,
1360 2466 1417 2549 qui
1445 2472 1495 2529 est

377 2582 474 2627 amor
491 2561 571 2623 boni
589 2569 624 2622 et
642 2560 723 2633 veri,
743 2558 961 2622 sustulerunt.

438 2653 541 2736 8⁰5·
565 2661 649 2730 [Vm.
664 2661 702 2728 a]
728 2658 747 2687 ¹¹
757 2650 832 2722 Ouia
849 2669 921 2714 mu
938 2657 973 2714 at
983 2650 1072 2734 juria
1085 2648 1204 2733 judicic
1216 2650 1324 2732 Ipsius,
1338 2650 1410 2734 pm'c
1417 2650 1497 2735 jodi-

379 2744 461 2808 ccvii
469 2741 662 2806 leudicam
672 2762 825 2825 mapsam,
837 2762 916 2825 quus
928 2740 1065 2823 eorrupit
1074 2747 1191 2803 terram
1202 2740 1391 2804 crematione
1401 2741 1495 2814 ΜΓ

377 2833 549 2916 significat
563 2832 643 2912 quia
661 2832 861 2915 exjustitia
875 2831 1124 2896 condemnatum
1137 2841 1190 2893 est
1202 2831 1418 2912 prophanum
1431 2831 1496 2894 Re-

378 2927 533 3008 ltgt'osum
550 2924 794 3006 Babylonicum,
810 2924 900 3006 quod
909 2933 974 3006 per
981 2923 1105 3004 foedas
1120 2923 1377 2988 adulterationes
1401 2920 1501 2986 Verbi

377 3021 559 3085 Ecclesiam
567 3019 706 3083 Domini
711 3019 994 3096 destruxitrPer
1007 3022 1027 3051 ‘⁴
1037 3039 1117 3082 vera
1127 3028 1162 3083 et
1171 3018 1262 3100 justa
1271 3019 1394 3100 judicia
1402 3015 1477 3080 Tua
1483 3015 1497 3040 '⁸

378 3115 611 3198 significantur
634 3113 758 3178 Divina
780 3133 861 3179 vera
883 3123 918 3178 et
950 3113 1040 3176 bona
1063 3112 1180 3188 Verbi,
1204 3111 1389 3175 secundum
1412 3132 1498 3194 quae

374 3209 533 3293 judicium
556 3208 594 3274 fit
617 3230 638 3272 a
661 3209 809 3272 Domino
833 3207 880 3290 (n.
903 3207 976 3282 668,
995 3205 1085 3288 689),
1106 3227 1192 3289 quae
1215 3205 1312 3269 simul
1335 3217 1500 3270 vocantur

380 3304 534 3386 “justitia
546 3305 572 3383 ;”
598 3324 659 3386 per
677 3303 842 3384 justitiam
866 3303 967 3376 enim,
991 3302 1046 3364 ubi
1069 3302 1112 3365 de
1135 3299 1294 3375 Domino,
1318 3319 1386 3364 non
1409 3299 1498 3364 aliud

378 3398 595 3482 significatur,
615 3409 652 3461 ut
671 3396 754 3460 infra
774 3395 875 3480 (vers.
899 3395 950 3479 11)
1015 3389 1019 3396 ’

509 3547 589 3610 (Tum
601 3547 674 3612 Eraj.
685 3547 749 3596 lxiii.
761 3559 773 3595 1
784 3561 791 3606 ς
810 3546 906 3611 Jmm,
918 3545 990 3596 xxiii.
1003 3555 1025 3606 ς,
1037 3544 1069 3604 6;
1086 3559 1144 3608 cap.
1155 3544 1246 3594 xxxiii.
1260 3555 1298 3605 ις,
1313 3543 1368 3608 16):

380 3718 440 3780 per
459 3696 563 3779 “quia
578 3693 741 3776 judicavit
760 3693 975 3758 Meretricem
994 3713 1155 3774 magnam
1163 3693 1178 3718 ”
1197 3691 1405 3775 significatur
1423 3695 1500 3777 quia

379 3791 643 3856 condemnatum
659 3800 712 3853 est
728 3790 938 3871 prophanum
956 3788 1166 3870 Religiosum
1184 3788 1441 3868 Babylonicum,
1458 3789 1499 3852 de

379 3908 446 3970 quo
464 3886 497 3947 in
516 3886 628 3966 capite
646 3884 873 3965 praecedente
892 3881 1005 3947 adium
1023 3893 1096 3960 est;
1122 3882 1340 3947 diciturillud
1358 3888 1377 3914 “
1388 3882 1498 3948 Mere-

378 3981 447 4045 trix
466 3979 615 4060 magna”
632 3999 677 4042 ex
690 3978 939 4042 adulteratione
955 3988 990 4041 et
1010 3977 1280 4059 prophanatione
1295 3976 1421 4041 Verbi:
1442 3997 1500 4060 per

380 4081 498 4158 “quae
516 4075 662 4155 corrupit
682 4083 807 4136 terram
826 4073 1034 4136 scortatione
1053 4092 1113 4134 sua
1121 4071 1136 4096 '³
1149 4069 1316 4152 significat
1334 4091 1423 4153 quae
1443 4091 1500 4154 per

378 4168 495 4233 foedas
517 4167 785 4231 adulterationes
804 4166 910 4230 Verbi
934 4166 1125 4230 Ecclesiam
1149 4165 1286 4228 Domini
1309 4165 1498 4244 destruxit;

378 4285 439 4347 per
457 4264 729 4327 “scortationem
752 4262 822 4342 ejus
830 4262 845 4287 ”
864 4259 1073 4342 significatur
1095 4259 1302 4324 adulteratio
1320 4258 1428 4324 Verbi
1452 4259 1498 4344 (n.

381 4355 467 4439 134),
487 4367 522 4421 et
541 4378 601 4440 per
617 4356 796 4420 “terram’'
814 4355 971 4419 Ecclesia
990 4353 1037 4435 (n.
1057 4355 1129 4435 285,
1149 4352 1237 4435 721).

439 4449 545 4516 8⁰⁶.
568 4449 634 4511 ‘fr
654 4447 812 4510 vindicarit
829 4446 1009 4530 conpulsam
1028 4465 1187 4511 cervorum
1201 4445 1331 4510 duorum
1351 4445 1389 4509 de
1410 4465 1500 4509 manv

378 4537 482 4619 φιβ’
496 4537 667 4620 significat
689 4537 943 4601 retributionem
959 4544 1102 4617 propter
1121 4535 1245 4600 damna
1264 4544 1298 4598 et
1318 4534 1496 4598 violentias

377 4628 494 4694 illatas
515 4630 691 4694 animabus
712 4629 873 4694 cultorum
894 4626 1185 4710 Domita—Quod
1207 4648 1267 4711 per
1286 4627 1496 4692 “vindicavit
