3384 5400
521 710 599 759 cnr.
617 711 689 772 xx,
708 711 809 761 vens.
828 712 934 779 5.—x.
953 700 1023 780 851.
1267 714 1329 783 737

212 887 246 942 et
266 880 405 962 quisque
428 879 461 942 in
480 878 596 954 Caelo,
616 881 671 964 qui
693 881 726 943 in
749 878 919 945 sunetione
942 892 1005 957 est,
1026 882 1059 945 in
1083 904 1142 945 sua
1163 870 1328 947 societate
1368 874 1370 879 ’

211 972 284 1035 obit
297 971 444 1036 officium
456 974 542 1037 sicut
555 975 588 1037 in
601 975 738 1050 mundo,
753 985 788 1040 at
801 976 864 1038 sub
875 976 1023 1058 auspicio
1040 976 1176 1040 Domini
1189 999 1196 1055 ;
1220 989 1327 1059 agunt

212 1065 347 1147 quidem
366 1067 452 1130 sicut
475 1089 495 1130 a
518 1088 565 1141 se,
585 1069 645 1132 sed
664 1070 741 1151 quia
760 1090 837 1132 usus
856 1080 1014 1152 spectant
1033 1072 1200 1153 primario,
1220 1081 1328 1153 agunt

210 1180 230 1221 a
250 1159 410 1236 Domino,
429 1182 450 1223 a
468 1159 545 1243 Quo
564 1172 617 1227 est
636 1165 746 1226 omnis
764 1184 852 1226 usus

270 1262 373 1345 850.
400 1273 487 1341 [Vm.
502 1274 541 1340 5.]
567 1265 632 1327 ‘tt
641 1264 755 1345 reliqui
764 1270 949 1327 mortuorum
963 1284 1022 1329 non
1035 1266 1220 1341 unxerunt,
1231 1268 1328 1331 donce

209 1363 495 1421 eomommmntuo
512 1359 594 1423 mille
614 1359 721 1431 anoi''
738 1358 905 1441 significat
924 1360 1015 1441 quod
1023 1370 1163 1441 praeter
1179 1361 1268 1437 illos,
1289 1362 1329 1425 de

208 1448 328 1528 qus'bus
349 1449 474 1513 dullum
494 1460 554 1526 est,
575 1471 637 1514 non
659 1450 768 1533 aliqui
781 1450 909 1515 sublati
927 1453 998 1514 sint
1018 1453 1052 1515 in
1073 1452 1209 1517 Caelum
1226 1474 1327 1535 quam
1422 1501 1431 1519 .

203 1550 386 1623 postquam
406 1543 517 1607 Draco
538 1544 665 1608 solutus
686 1555 747 1619 est,
768 1555 802 1607 et
829 1543 885 1608 illi
904 1554 979 1608 tunc
995 1546 1134 1627 probati
1156 1558 1188 1610 et
1214 1549 1328 1631 explo-

209 1636 409 1718 rationales
423 1638 648 1702 essent-Per
664 1638 837 1721 “reliquos
853 1640 1084 1704 mortuorum”
1096 1641 1329 1723 significantur

208 1732 264 1813 qui
286 1733 391 1796 etiam
413 1730 528 1813 rejecti
550 1734 594 1796 ab
615 1734 681 1797 illis
702 1735 758 1816 qui
787 1734 820 1796 in
851 1733 924 1797 sola
949 1734 1031 1798 Fide
1054 1746 1151 1811 sunt,
1168 1738 1245 1819 quia
1268 1757 1327 1801 co·

209 1824 344 1889 luerunt
363 1826 559 1903 Dominum,
575 1838 611 1891 et
629 1828 787 1892 vixerunt
803 1829 987 1891 secundum
1005 1841 1187 1912 praecepta
1207 1831 1325 1913 Ipsius,

206 1920 268 1983 sed
291 1921 443 1983 nondum
462 1922 594 2003 probati
615 1932 650 1985 et
669 1922 840 2004 explorati
863 1933 941 1986 sunt
960 1924 1076 2004 quales
1095 1935 1191 1987 erant
1204 1910 1221 2003 ;,’
1235 1926 1325 2009 quod

205 2034 267 2096 per
299 2012 503 2092 “mortuos’'
533 2016 585 2079 hic
615 2016 663 2080 illi
694 2013 934 2099 significentur,
966 2018 1120 2081 videatur
1148 2040 1247 2101 supra
1279 2018 1325 2099 (n.

205 2107 295 2189 847).
341 2106 470 2172 Omnes
486 2110 576 2173 enim
592 2121 670 2192 post
687 2130 865 2173 excessum
882 2131 900 2173 e
917 2112 1054 2194 mund0,
1072 2106 1213 2195 primum
1230 2114 1324 2175 veni-

207 2212 271 2265 unt
289 2202 323 2264 in
343 2200 509 2265 Mundum
525 2205 711 2286 spirituum,
732 2205 786 2285 qui
805 2213 859 2266 est
878 2204 1007 2267 medius
1026 2206 1113 2269 inter
1132 2205 1271 2270 Caelum
1290 2216 1326 2270 et

207 2296 391 2371 Internum,
412 2307 448 2360 et
470 2298 515 2361 ibi
537 2298 724 2381 probantur
745 2307 780 2361 et
803 2298 1035 2381 explorantur,
1056 2311 1090 2364 et
1114 2302 1160 2363 sic
1185 2320 1332 2383 praepa-¹

205 2400 333 2465 rantur,
347 2390 427 2453 mali
442 2391 486 2454 ad
503 2392 673 2455 Infernum
689 2402 724 2455 et
739 2392 819 2455 boni
834 2392 878 2455 ad
895 2391 1054 2470 Caelum;
1080 2394 1121 2457 de
1137 2395 1188 2456 his
1204 2394 1325 2457 dicitur

204 2483 296 2567 quod
321 2485 471 2547 nondum
495 2486 689 2560 revixerint,
713 2486 777 2549 hoc
809 2497 873 2561 est,
899 2486 1048 2549 nondum
1077 2488 1126 2550 ita
1156 2484 1324 2567 conjuncti

205 2578 368 2652 Domino,
387 2589 423 2643 et
446 2580 633 2644 consociati
656 2579 787 2662 angelis
810 2578 904 2643 Caeli
927 2591 1052 2655 essent,
1078 2582 1163 2645 sicut
1188 2581 1323 2662 priores.

204 2671 308 2756 Quod
331 2683 452 2757 postea
474 2675 577 2737 etiam
602 2674 699 2738 multi
721 2673 843 2738 salvati
867 2676 934 2739 sint
956 2685 1053 2757 patet
1076 2696 1096 2738 a
1119 2696 1203 2739 vers.
1229 2692 1264 2738 12
1289 2685 1323 2739 et

207 2785 254 2850 ις,
276 2769 373 2850 hujus
391 2770 523 2852 capitis,
543 2770 598 2833 ubi
616 2770 738 2832 dicitur
755 2770 846 2852 quod
870 2771 973 2834 etiam
996 2780 1132 2852 apertus
1155 2772 1198 2834 sit
1223 2769 1324 2833 Liber

202 2866 307 2938 vitae,
328 2873 363 2927 et
386 2865 414 2927 si
436 2865 511 2946 quis
532 2883 601 2927 non
624 2864 781 2926 inventus
804 2873 857 2927 est
879 2865 913 2926 in
937 2863 1039 2926 Libro
1057 2865 1148 2928 vitae
1166 2865 1322 2946 scriptus,

203 2955 378 3040 conjeetus
397 2958 493 3020 sitin
512 2967 672 3039 stagnum
691 2959 787 3039 ignis.

262 3051 363 3134 851.
390 3051 501 3113 “lusu
525 3049 580 3111 mr
604 3055 656 3112 ost
674 3050 874 3113 Resurrectio
889 3049 1026 3131 polmu,''
1048 3048 1215 3132 significat
1237 3051 1327 3132 quod

203 3143 351 3207 salvatri>
379 3152 411 3206 et
438 3143 511 3206 vita
536 3152 672 3205 aeterna
691 3143 859 3224 primani)
887 3143 934 3206 sit
960 3142 1061 3205 colere
1081 3142 1268 3218 Dominum,
1292 3152 1325 3206 et

202 3239 317 3301 vivere
337 3238 512 3300 secundum
533 3246 711 3317 praecepta
737 3235 851 3317 Ipsius
877 3236 911 3300 in
942 3235 1055 3311 Verbo,
1079 3236 1158 3318 quia
1176 3246 1241 3317 per
1262 3235 1323 3298 illa

195 3333 244 3414 fit
276 3331 458 3414 cortjrsnllao
491 3351 562 3393 cum
595 3330 736 3394 Domino
777 3341 809 3393 rt
850 3330 1040 3394 consociatio
1074 3349 1146 3392 cum
1180 3328 1322 3410 Angelis

206 3424 458 3505 Caeli—Quod
480 3427 563 3490 haec
583 3426 696 3488 omnia
714 3423 945 3506 significentur
964 3445 1021 3506 per
1042 3423 1166 3488 “Haec
1191 3423 1247 3486 illa
1267 3436 1321 3488 est

203 3517 421 3589 Resurretlio
438 3519 573 3602 prima,”
585 3530 638 3582 est
650 3521 726 3601 quia
739 3519 888 3601 sequitur
899 3527 935 3581 ut
952 3517 1148 3581 conclusum
1162 3539 1206 3581 ex
1222 3528 1319 3581 ante·

203 3613 417 3687 cedentibus,
437 3624 472 3677 et
491 3615 568 3677 inde
587 3612 729 3676 involvit
747 3613 814 3676 illa.
859 3611 1114 3676 Antecedentia
1132 3633 1217 3694 quae
1236 3613 1320 3676 haec

202 3710 308 3772 verba
326 3706 514 3782 involvunt,
531 3708 750 3771 continentur
764 3708 798 3769 in
813 3727 911 3768 versu
925 3723 955 3784 4,
974 3716 1009 3769 et
1024 3705 1149 3787 aliquid
1167 3706 1270 3768 etiam
1287 3707 1320 3769 in

202 3823 302 3866 versu
320 3816 348 3882 5.
393 3800 432 3863 In
448 3819 582 3879 versu4
598 3812 677 3864 sunt
696 3802 798 3865 haec:
825 3796 959 3862 “Vidil'l
975 3800 1104 3862 animas
1120 3800 1226 3862 securi
1245 3819 1320 3881 per-

203 3915 380 3960 cussorum
403 3905 541 3978 propter
563 3895 810 3958 Testimonium
831 3893 911 3974 Jesu
941 3903 975 3956 et
1009 3902 1146 3976 propter
1170 3892 1320 3956 Verbum

203 3991 279 4066 Dei,
308 3999 345 4053 et
374 3990 429 4072 qui
460 4009 527 4052 non
558 3989 783 4052 adoraverunt
814 3987 975 4062 Bestiam,
1001 4007 1107 4068 neque
1137 3987 1320 4067 imaginem

202 4084 285 4164 ejus,
310 4103 420 4166 neque
446 4092 651 4165 acceperunt
673 4079 902 4146 charatterem
925 4101 1024 4162 super
1053 4080 1163 4143 fronte
1196 4101 1255 4143 sua
1285 4089 1319 4144 et

202 4199 303 4262 super
319 4197 422 4240 manu
437 4197 507 4251 sua,
528 4186 562 4240 et
581 4176 739 4239 vixerunt
758 4185 792 4239 et
811 4183 1038 4256 regnaverunt
1055 4193 1130 4237 cum
1148 4173 1283 4237 Christo
1295 4173 1321 4236 :”

203 4271 294 4355 quod
314 4291 374 4353 per
391 4271 548 4333 “animas
564 4271 670 4333 securi
686 4289 918 4352 percussorum
935 4278 1072 4351 propter
1089 4269 1319 4331 testimonium

201 4366 281 4448 Jesu
304 4376 341 4430 et
368 4374 506 4447 propter
528 4363 680 4428 Verbum
704 4363 790 4426 Dei’'
812 4361 1043 4444 significentur
1065 4363 1119 4444 qui
1143 4359 1254 4442 rejefti
1277 4363 1321 4424 ab

202 4460 268 4524 illis
283 4459 341 4542 qui
356 4460 389 4521 in
406 4458 498 4521 falsis
512 4477 557 4521 ex
573 4459 706 4540 propria
720 4456 948 4538 intelligentia
960 4465 1038 4520 sunt
1055 4455 1131 4537 quia
1143 4455 1320 4519 coluerunt

202 4554 390 4619 Dominum
405 4562 441 4615 et
455 4553 613 4615 vixerunt
625 4552 809 4615 secundum
822 4560 1004 4632 praecepta
1021 4549 1128 4631 Ipsius
1144 4550 1177 4612 in
1192 4549 1318 4622 Verbo,

202 4649 358 4712 videatur
379 4665 480 4728 supra
500 4644 546 4727 (n.
564 4646 635 4724 846,
653 4645 750 4729 847);
782 4644 872 4728 quod
896 4664 954 4727 per
974 4650 1070 4706 “non
1094 4643 1319 4707 adoraverunt
