3384 5400
502 663 580 714 cm.
597 663 701 727 xxu,
719 663 821 715 vans.
842 649 969 715 16.-N.
985 665 1057 733 953·
1275 649 1333 715 861

216 832 474 908 messationum,
502 832 621 915 quibus
651 834 748 897 unice
775 830 1010 912 delcitantun
1041 853 1143 917 quare
1172 853 1277 898 canes
1305 834 1338 898 in

216 926 348 990 Mundo
366 926 530 1010 spirituali
548 938 720 1010 apparent.
736 947 781 992 ex
805 927 873 991 illis
894 928 951 1010 qui
973 928 1156 992 litaverunt
1178 927 1281 1010 gulae
1303 938 1339 992 et

215 1019 365 1102 linguae,
396 1029 432 1083 et
462 1032 628 1084 vocantur
659 1021 704 1085 ibi
734 1023 908 1104 appetitus
938 1023 1109 1104 corporei:
1143 1023 1232 1086 tales
1262 1024 1340 1104 quia

215 1115 333 1198 pingui
353 1125 468 1178 mente
486 1126 576 1191 sunt,
597 1115 690 1179 nihili
713 1116 839 1180 iaciunt
859 1117 918 1179 illa
935 1136 1021 1199 quae
1042 1116 1218 1180 Ecclesiae
1237 1126 1337 1192 sunt;

215 1209 294 1272 ideo
320 1209 442 1274 dicitur
467 1210 558 1292 quod
584 1209 663 1275 soris
685 1211 837 1285 stabunt,
865 1212 930 1274 hoc
956 1222 1022 1284 est,
1045 1230 1115 1274 non
1141 1212 1176 1276 in
1203 1211 1339 1276 Novam

216 1301 356 1366 Domini
375 1302 565 1372 Ecclesiam
581 1305 794 1387 recipiantur.
839 1304 969 1370 Similia
986 1325 1047 1388 per
1063 1305 1216 1370 “canes''
1232 1308 1339 1388 signi-

215 1395 362 1462 ficantur
380 1399 414 1462 in
433 1399 486 1462 his
503 1399 537 1463 in
557 1397 693 1465 Verbo:

268 1542 479 1606 “Speculatores
495 1543 554 1606 ejus
565 1543 636 1593 caeci
648 1559 743 1594 omnes
756 1553 818 1594 sunt
831 1543 920 1594 Canes
932 1545 1007 1602 muti,
1022 1542 1185 1607 spedlantes,
1199 1546 1338 1601 cubantes,

348 1609 633 1687 amantesdormirare,
644 1609 734 1660 Canes
743 1610 876 1660 obfirmati
885 1611 985 1666 aalma,
999 1625 1054 1660 non
1067 1610 1157 1660 sciunt
1162 1611 1318 1660 satietatem
1326 1610 1341 1630 ''

267 1674 582 1854 r·¹1·rrrltrllrllstapilarlrllrrxsor'crxrt1
586 1675 694 1856 ›iffarpieas¹3
696 1749 730 1856 tet
742 1739 962 1856 εῇῖξηωευιὲῑέἓιῃ
963 1742 1046 1869 ppbpb
1051 1750 1184 1857 zagarppr
1200 1742 1235 1791 ad
1252 1755 1340 1872 εἶναιῆ

367 1819 639 1864 enum,srnonsa
707 1821 769 1866 ur,r
815 1819 881 1870 pern
1044 1823 1058 1856 s
1112 1843 1119 1856 .
1191 1818 1308 1868 7,15,1

350 1867 397 1936 [B.
407 1873 443 1920 A·
454 1871 478 1930 ὁ.
492 1868 614 1936 14‚1s]);

215 2028 276 2092 per
297 2008 450 2072 “canes’'
468 2008 706 2091 intelliguntur
724 2009 876 2073 vilissimi
895 2009 1062 2085 homines,

264 2157 336 2208 Hiot
347 2173 408 2209 xxx.
422 2170 451 2220 13
477 2171 489 2208 1
505 2159 574 2209 Sam.
586 2159 658 2208 xxiv.
669 2169 699 2220 15
712 2155 758 2226 [B.
769 2161 804 2210 Α.
818 2155 873 2224 141:
898 2159 997 2210 asan.
1010 2160 1045 2209 in
1058 2159 1089 2219 ες
1114 2160 1202 2226 aReg.
1212 2160 1268 2212 viii.
1280 2171 1329 2224 133

215 2313 252 2370 et
271 2324 405 2388 quoque
424 2303 587 2367 immundi
598 2324 606 2382 ;
630 2324 732 2386 quare
750 2305 873 2368 dicitur
891 2304 980 2388 apud
1000 2303 1141 2369 Mosen:

267 2447 357 2498 “Non
375 2447 473 2496 inferes
492 2447 641 2497 mercedem
659 2448 740 2498 scorti
758 2457 785 2497 et
804 2448 919 2512 pretium
938 2447 1021 2499 Canis
1038 2450 1065 2498 in
1085 2449 1202 2500 Domum
1219 2449 1341 2515 Jehovae

348 2514 436 2642 puoad
444 2514 563 2562 votivum
572 2514 757 2576 quodcunque,
765 2513 828 2577 quia
835 2515 1001 2564 abominatio
1007 2515 1128 2580 Jehorae
1137 2516 1187 2566 Dei
1194 2517 1232 2566 toi
1239 2515 1341 2566 ambo”

360 2579 452 2630 Deutr.
464 2579 538 2629 xxiii.
552 2575 639 2644 19[B.
650 2581 685 2629 A.
699 2576 761 2644 181).

278 2738 380 2809 953.
406 2732 489 2803 [Vm.
502 2732 556 2800 16.]
582 2721 671 2804 ‘Epo
690 2722 873 2787 deauratis!
888 2723 1033 2807 harpalum
1051 2725 1148 2789 laum
1162 2725 1277 2788 tortori
1294 2743 1342 2788 ro·

217 2816 263 2881 tn
288 2816 367 2877 haee
395 2812 425 2874 in
447 2811 633 2885 ferieriisf'
658 2812 826 2894 significat
853 2815 1121 2896 testificationem
1149 2836 1171 2878 a
1198 2814 1342 2878 Domino

215 2928 329 2972 coram
354 2914 420 2969 toto
448 2904 646 2969 Christiano
675 2904 771 2980 Orbe,
800 2904 891 2986 quod
912 2926 1027 2969 verum
1055 2906 1102 2970 sit
1129 2907 1219 2988 quod
1243 2906 1341 2971 Solus

215 3002 379 3067 Dominus
405 2999 674 3081 manifestaverit
697 2999 759 3062 illa
784 3020 869 3082 quae
896 3000 931 3062 in
960 2999 1020 3063 hoc
1044 3000 1160 3063 Libro
1173 3002 1342 3083 descripta

216 3107 306 3172 sunt,
326 3104 363 3159 ut
383 3104 416 3157 et
434 3116 518 3176 quae
535 3114 619 3156 nunc
635 3102 756 3175 aperta
773 3092 1009 3175 suna-Quod
1034 3095 1201 3160 Dominus
1220 3093 1265 3159 Se
1287 3097 1341 3159 hic

217 3194 372 3259 nominet
390 3189 565 3273 “lesum”
580 3198 644 3264 est,
662 3198 699 3253 ut
719 3208 838 3253 omnes
858 3190 891 3253 in
911 3188 1004 3253 Orbe
1020 3189 1216 3253 Christiano
1230 3191 1342 3253 sciant

217 3288 308 3371 quod
333 3286 410 3368 lpse
434 3284 611 3359 Dominus,
633 3281 700 3365 Qui
722 3283 782 3348 luit
805 3285 839 3347 in
864 3284 1001 3359 mundo,
1026 3284 1086 3347 illa
1108 3304 1196 3367 quae
1219 3286 1253 3347 in
1276 3284 1341 3348 hoc

217 3382 322 3446 Libro
341 3380 512 3461 descripta
530 3388 620 3453 sunt,
641 3386 679 3441 ut
702 3387 737 3441 et
760 3398 847 3459 quae
871 3397 959 3442 nunc
982 3388 1104 3460 aperta
1121 3389 1213 3453 sunt,
1233 3380 1341 3443 mani-

217 3476 416 3552 festaverit;
454 3494 513 3555 per
548 3474 714 3535 “mittere
748 3471 924 3553 Angelum
957 3474 1077 3536 testari
1087 3473 1102 3497 ”
1134 3472 1345 3554 significatur

218 3569 417 3635 testificatio
435 3588 454 3631 a
474 3568 623 3631 Domino
641 3567 734 3649 quod
752 3586 869 3633 verum
888 3568 952 3644 sit;
977 3566 1136 3649 Angelus
1154 3568 1290 3651 quidem
1309 3569 1342 3632 id

218 3672 368 3729 testatus
391 3673 455 3737 est,
479 3682 595 3725 verum
619 3682 688 3725 non
712 3682 731 3725 a
755 3682 790 3724 se
814 3662 874 3725 sed
901 3681 922 3724 a
944 3662 1105 3735 Domino,
1129 3663 1221 3745 quod
1245 3674 1342 3745 patet

219 3757 310 3823 clare
334 3756 383 3839 (in
406 3776 491 3821 vers.
511 3772 554 3821 20
570 3754 751 3838 sequente)
776 3757 821 3819 ab
842 3756 905 3830 his,
927 3755 1048 3818 “Dicit
1072 3756 1222 3820 Testans
1245 3758 1341 3827 haec,

219 3853 336 3917 Etiam
352 3852 452 3915 venio
465 3852 534 3915 cito
546 3848 572 3928 ;''
595 3849 685 3933 quod
702 3851 746 3913 sit
762 3849 959 3914 testificatio
975 3851 1066 3933 quod
1082 3870 1198 3914 verum
1216 3852 1271 3925 sit,
1288 3862 1342 3915 est

212 3948 298 4031 ·quia
321 3945 491 4010 “testari”
514 3945 635 4008 dicitur
658 3945 700 4007 de
723 3946 880 4019 veritate,
904 3946 1063 4026 quoniam
1081 3946 1209 4009 veritas
1232 3954 1342 4009 testa·

220 4052 275 4106 tur
286 4062 331 4105 ex
344 4061 391 4113 se,
405 4050 441 4105 et
455 4040 621 4103 Dominus
634 4050 687 4103 est
700 4038 839 4102 Veritas
854 4038 901 4120 (n.
913 4038 945 4112 6,
962 4039 1010 4113 16,
1026 4039 1116 4121 490)·
1155 4040 1320 4105 “Testari
1327 4039 1343 4063 ’⁹

220 4157 289 4201 non
307 4136 411 4199 modo
430 4134 597 4217 significat
617 4132 790 4197 testificari
806 4133 897 4215 quod
915 4154 1032 4196 verum
1052 4136 1095 4197 sit
1111 4134 1202 4216 quod
1222 4134 1342 4198 Domi·

221 4251 283 4295 nus
299 4230 565 4296 manifestaverit
580 4227 726 4310 Johanni
742 4227 801 4290 illa
816 4248 903 4309 quae
919 4229 952 4290 in
969 4228 1033 4291 hoc
1051 4228 1156 4293 Libro
1171 4229 1342 4310 descripta

220 4334 311 4400 sunt,
335 4324 395 4387 sed
419 4324 523 4387 etiam
546 4322 636 4405 quod
660 4341 748 4385 nunc
773 4322 1041 4386 manifestaverit
1064 4322 1143 4404 quid
1166 4324 1280 4386 omnia
1306 4334 1342 4386 et

221 4418 355 4501 singula
380 4418 425 4481 ibi
447 4416 658 4499 significant;
692 4416 756 4479 hoc
778 4416 981 4497 intelligitur
1003 4418 1136 4498 proprie
1159 4437 1219 4499 per
1242 4422 1261 4449 ‘⁴
1272 4426 1341 4479 tes-

221 4513 314 4589 tari,”
337 4532 415 4575 narn
438 4512 560 4576 dicitur
582 4511 673 4593 quod
698 4516 873 4574 “testetur
895 4511 978 4574 haec
1005 4511 1039 4574 in
1061 4509 1254 4584 Ecclesiis,”
1276 4512 1341 4575 hoc

221 4618 285 4686 est,
310 4607 400 4691 quod
423 4627 503 4671 vera
525 4608 593 4669 sint
616 4626 702 4689 quae
729 4606 762 4669 in
785 4606 865 4669 visis
887 4614 922 4669 et
946 4604 1122 4689 descriptis
1146 4627 1167 4668 a
1187 4605 1342 4687 Johanne
