3384 5400
332 714 398 777 680
658 724 907 777 Arocauvesrs
929 725 1141 777 unvamma

335 909 371 964 et
388 900 467 963 thus
480 897 506 977 ;”
524 908 558 963 et
574 898 725 962 secundo
740 898 817 963 loco
833 898 1050 962 nominantur
1061 896 1222 962 caelestia
1237 897 1454 987 cultus,quae

335 1004 414 1057 sunt
431 998 450 1024 “
460 995 585 1067 vinum,
603 992 726 1067 oleum,
739 992 848 1057 simila
860 1002 895 1056 et
908 993 1056 1057 triticum
1069 992 1094 1070 ;''
1117 1002 1152 1057 et
1166 994 1267 1057 tertio
1279 994 1453 1057 nominan-

334 1098 389 1153 tur
408 1088 573 1153 naturalia
595 1089 717 1163 cultus,
737 1109 822 1171 quae
844 1098 924 1153 sunt
944 1086 1122 1170 “jumenta
1144 1099 1180 1152 et
1203 1086 1312 1152 oves.”
1357 1086 1453 1170 Quod

334 1184 449 1247 omnia
467 1182 525 1246 illa
543 1183 633 1246 bona
651 1193 686 1246 et
703 1204 781 1245 vera
796 1182 908 1247 cultus
927 1192 1024 1246 erunt
1044 1202 1088 1245 ex
1106 1182 1232 1255 Verbo,
1249 1180 1454 1264 significatur

335 1298 395 1359 per
417 1277 507 1359 quod
530 1278 598 1340 sint
622 1283 823 1360 “equorum,
845 1277 1035 1351 rhedarum,
1059 1295 1246 1359 corporum,
1266 1287 1302 1342 et
1325 1278 1454 1342 animae

334 1374 507 1437 hominum
520 1372 545 1449 ;”
567 1372 652 1435 haec
668 1382 720 1435 est
735 1373 838 1434 series
857 1391 967 1435 rerum
986 1372 1018 1435 in
1038 1370 1146 1435 Sensu
1162 1371 1326 1453 spirituali
1341 1373 1375 1435 in
1391 1370 1453 1435 hoc

334 1488 443 1530 versu.
498 1466 566 1530 Sed
589 1486 648 1548 per
670 1468 791 1529 omnia.
805 1465 868 1529 illa·
885 1486 971 1549 quae
994 1466 1026 1528 in
1051 1466 1115 1529 hoc
1139 1487 1237 1530 versu
1259 1477 1455 1530 enumerata

329 1572 425 1637 sunt,
445 1561 645 1643 intelligitur
667 1561 819 1625 similiter
841 1572 878 1624 ut
902 1580 961 1643 per
984 1561 1041 1623 illa
1063 1582 1149 1644 quae
1172 1563 1204 1623 in
1229 1561 1455 1642 praecedente

334 1678 435 1720 versu
449 1666 645 1720 enumerata
660 1666 749 1729 sunt,
767 1656 831 1719 hoc
850 1666 915 1730 est,
932 1656 1021 1737 quod
1040 1655 1097 1719 illa
1116 1656 1206 1721 bona
1221 1666 1256 1721 et
1272 1655 1455 1737 veraapud

335 1752 412 1815 illos
440 1771 507 1814 non
533 1752 613 1823 sint,
636 1752 715 1833 quia
741 1770 809 1813 non
835 1750 964 1813 habent
992 1750 1074 1813 talia
1100 1750 1189 1832 apud
1216 1770 1253 1813 se
1279 1770 1365 1833 quae
1393 1749 1455 1813 illis

336 1846 625 1929 correspondent;
661 1844 751 1927 quod
775 1854 872 1927 patet
895 1845 939 1910 ab
961 1844 1026 1907 illis
1049 1864 1133 1927 quae
1160 1844 1378 1931 praecedunt,
1403 1844 1456 1908 ubi

335 1941 431 2017 haec,
447 1942 537 2025 quod
553 1942 632 2005 urbs
648 1938 804 2020 Babylon
820 1941 900 2021 igne
916 1940 1141 2015 comburetur,
1158 1950 1193 2003 et
1210 1959 1311 2003 nemo
1327 1959 1456 2004 merces

335 2035 406 2119 ejus
425 2046 516 2100 emet
533 2035 677 2117 amplius
695 2034 795 2115 (vers.
812 2033 931 2117 8-11);
955 2044 989 2098 et
1009 2054 1053 2097 ex
1073 2033 1138 2096 illis
1156 2045 1455 2117 quaesequuntur,

336 2132 393 2195 ubi
407 2131 501 2204 haec,
516 2130 608 2213 quod
624 2130 737 2193 omnia
753 2130 889 2210 pinguia
905 2138 940 2191 et
956 2128 1134 2211 splendida
1149 2130 1313 2199 abiverint
1330 2130 1374 2193 ab
1388 2128 1456 2203 illa,

336 2237 372 2291 et
395 2244 463 2289 non
485 2225 698 2287 invenientur
721 2223 866 2304 amplius
890 2220 990 2305 (vers.
1014 2222 1088 2304 14);
1111 2232 1146 2287 et
1165 2224 1255 2305 quod
1277 2222 1457 2287 devastata

336 2321 405 2383 sint
423 2317 523 2402 (vers.
547 2318 594 2391 16,
617 2316 680 2400 19).
726 2316 793 2382 Sed
817 2336 905 2381 nunc
924 2318 1055 2381 dicetur
1073 2316 1199 2400 aliquid
1221 2317 1266 2381 de
1287 2317 1353 2381 illis
1370 2338 1457 2401 quae

336 2417 513 2479 nominata
535 2424 626 2487 sunt,
650 2434 736 2496 quae
761 2422 841 2476 sunt
869 2413 1131 2487 cinnamomum,
1154 2411 1358 2488 suffimenta,
1382 2414 1455 2495 pig·

336 2520 490 2575 mentum
512 2519 548 2572 et
571 2508 660 2571 thus.
720 2506 817 2571 Haec
840 2508 1067 2582 nominantur,
1091 2508 1169 2589 quia
1191 2517 1270 2571 sunt
1293 2506 1384 2571 talia
1399 2528 1457 2590 per

336 2624 423 2689 quae
441 2603 572 2667 suffitus
591 2602 726 2667 fiebant.
771 2600 873 2684 Quod
892 2622 950 2683 per
967 2601 1126 2665 “suffitus
1134 2602 1149 2626 ”
1165 2602 1372 2684 significetur
1386 2602 1455 2667 cul·

336 2712 392 2765 tus
416 2698 552 2764 Domini
574 2719 620 2762 ex
643 2698 740 2761 bonis
761 2708 798 2761 et
820 2698 908 2760 veris
930 2696 1167 2779 spiritualibus,
1184 2698 1337 2762 videatur
1358 2719 1457 2782 supra

338 2796 387 2878 (n.
404 2809 475 2875 277,
493 2792 589 2875 392);
613 2803 649 2857 et
667 2793 757 2875 quod
776 2791 907 2855 suffitus
925 2792 1100 2874 placerent
1118 2793 1195 2875 quia
1213 2803 1310 2857 erant
1328 2815 1372 2857 ex
1392 2794 1455 2857 ira·

337 2890 513 2973 grantibus
525 2909 611 2972 quae
623 2887 934 2969 correspondebant
949 2884 996 2969 (n.
1010 2885 1097 2969 394).
1138 2885 1263 2950 Omnia
1275 2887 1456 2970 fragrantia

337 3006 397 3067 per
419 3004 504 3067 quae
528 2983 718 3065 parabatur,
742 2980 977 3062 intelliguntur
1000 3001 1059 3063 per
1081 2982 1342 3055 cinnamomum,
1366 2982 1455 3045 suffi-

338 3088 454 3143 menta
476 3087 511 3142 et
535 3079 757 3158 pigmentum,
781 3085 818 3138 et
839 3075 1022 3138 essentiale
1045 3095 1167 3139 eorum-
1183 3095 1242 3157 per
1265 3076 1343 3141 thus
1355 3098 1370 3154 ;Δ
1393 3077 1454 3140 hoc

338 3181 434 3256 patet
453 3192 474 3234 a
488 3170 684 3235 recensione
698 3178 888 3234 aromatum
904 3189 949 3232 ex
966 3170 1085 3252 quibus
1102 3169 1353 3247 conficiebatur,
1364 3171 1456 3254 ¹apud

339 3267 481 3330 Mosen:

389 3429 491 3479 “Dixit
510 3428 632 3494 Jehovah
651 3427 687 3478 ad
707 3427 813 3487 Mosen,
836 3427 918 3478 Sume
938 3429 985 3479 tibi
1005 3439 1134 3488 aromata,
1154 3427 1268 3490 staden,
1288 3431 1412 3496 onychen
1433 3439 1459 3480 et

469 3495 623 3558 galbanum,
636 3503 664 3542 et
675 3494 736 3543 thus
748 3509 844 3557 purum
855 3508 861 3552 ;
878 3503 905 3543 et
917 3493 998 3544 iacies
1016 3495 1062 3546 illa
1078 3496 1268 3555 suffimentum,
1283 3497 1456 3560 pigmentum,

469 3574 537 3624 opus
549 3560 729 3623 pigmentarii,
742 3559 860 3619 salitum,
874 3573 979 3622 purum,
992 3559 1116 3614 saeelum
1125 3561 1140 3580 ''
1151 3561 1245 3624 (ΕΜ.
1256 3577 1319 3614 xxx.
1331 3565 1438 3624 34-37);

339 3749 384 3794 ex
407 3727 471 3789 illis
497 3725 624 3790 fiebant
647 3725 789 3800 suffitus,
814 3746 873 3808 per
894 3746 979 3809 quos
1001 3725 1255 3808 significabatur
1277 3727 1388 3792 cultus
1413 3749 1456 3794 ex

339 3823 437 3885 bonis
455 3831 491 3884 et
509 3823 596 3886 veris
614 3821 851 3902 spiritualibus,
872 3830 909 3884 ut
928 3817 1053 3885 dictum
1077 3830 1141 3883 est.
1185 3821 1389 3886 Nominatur
1406 3822 1457 3887 hic

339 3916 590 3979 cinnamomum
618 3914 694 3977 loco
724 3915 873 3976 omnium
902 3923 1092 3978 aromatum
1121 3915 1182 3988 ibi„
1229 3913 1320 3997 Quid
1345 3927 1457 3980 autem

339 4009 472 4091 singula
495 4009 553 4072 illa
576 4018 730 4073 aromata
753 4009 787 4071 in
812 4007 920 4072 Sensu
944 4008 1106 4092 spirituali
1131 4008 1333 4090 significant,
1357 4012 1458 4074 videri

339 4113 455 4186 potest
470 4105 504 4166 in
519 4104 551 4166 A
556 4103 667 4168 rcanis
688 4101 892 4168 caelestibus
907 4125 1007 4187 super
1021 4101 1151 4179 Exodo,
1166 4104 1221 4166 ubi
1235 4102 1294 4168 illa
1309 4103 1459 4187 singilla-

338 4199 400 4261 tim
417 4198 590 4280 explicata
605 4207 693 4262 sunt.

399 4299 494 4382 778.
521 4305 540 4335 ¹¹
549 4299 587 4362 fr
600 4299 695 4362 vinum
710 4304 744 4362 or
758 4300 857 4362 oleum
871 4305 905 4363 ot
915 4299 1045 4364 smitam
1058 4304 1092 4362 oi
1104 4297 1460 4382 triticumstsignificat

340 4392 430 4473 quod
441 4412 504 4454 non
518 4390 588 4455 illis
602 4393 749 4474 amplius
764 4393 811 4455 sit
824 4391 931 4456 cultus
944 4413 987 4454 ex
1001 4391 1091 4454 venir
1105 4402 1138 4455 et
1152 4391 1244 4455 bonis
1257 4390 1459 4470 caelestibus,

339 4485 421 4568 quia
432 4505 495 4548 non
506 4484 597 4549 intus
609 4485 644 4548 in
654 4486 743 4549 cultu
754 4485 875 4550 habent
883 4507 967 4569 quae
975 4485 1259 4567 supranominatis
1269 4493 1460 4567 correspon-

339 4579 567 4644 dent-Haec
584 4579 705 4644 similia
723 4591 802 4644 sunt
820 4600 896 4644 cum
915 4579 980 4645 illis
996 4600 1081 4661 quae
1097 4599 1304 4662 nunc-supra
1318 4590 1355 4644 et
1373 4581 1461 4663 prius

340 4671 536 4750 dictasunt,
553 4693 630 4739 curn
647 4675 720 4739 sola
736 4673 934 4752 differentia,
950 4674 1041 4758 quod
1057 4695 1116 4757 per
1131 4675 1214 4738 haec
1231 4673 1462 4758 significentur
