3384 5400
363 673 427 760 566
683 687 930 741 troentrrsis
952 686 1165 738 navatam.

413 859 543 925 Discipuli
552 861 752 924 interrogarunt
759 859 860 926 Jeaum,
873 860 1042 924 “Quodnam
1052 859 1159 922 signum
1167 857 1218 910 Tui
1227 856 1482 909 Advenunetcon·

493 927 679 977 summationis
692 927 794 976 saecuti
803 927 817 946 ''
829 926 937 988 (Marta.
946 930 1019 976 xxiv.
1028 926 1054 986 3)
1064 940 1070 983 ;

413 993 571 1056 “Tempore
589 993 685 1042 messis
697 993 783 1044 dicam
796 993 969 1049 messoribus,
979 991 1104 1054 Colligite
1116 991 1231 1054 primum
1243 989 1352 1039 Zizania
1363 990 1397 1039 ed
1409 1004 1481 1038 corn·

492 1059 650 1117 burendum,
664 1057 765 1108 Tritica
776 1057 893 1119 colligite
911 1058 937 1106 in
955 1058 1067 1116 borrea;
1090 1057 1128 1106 sic
1138 1056 1189 1105 erit
1200 1057 1228 1106 io
1240 1054 1481 1105 Consummatione

493 1124 595 1174 Saeculi
605 1123 619 1143 '¹
631 1123 739 1186 (Marti.
751 1124 805 1173 xiii.
819 1119 885 1188 [3o,]
899 1122 958 1184 40);

411 1189 444 1241 In
453 1188 695 1240 consummatione
707 1188 818 1246 Saeculi,
831 1189 967 1238 ‘'exibunt
976 1186 1075 1251 Angeli
1086 1197 1113 1237 et
1125 1189 1289 1251 separabunt
1300 1187 1388 1236 malos
1399 1201 1415 1236 e
1426 1201 1480 1236 me·

493 1255 538 1304 dio
549 1255 682 1317 justorum
690 1253 705 1274 ’'
717 1253 824 1316 (Matri.
837 1255 891 1304 xiii.
902 1255 961 1316 49);

410 1320 490 1387 Jesus
502 1320 569 1370 dixit
580 1320 727 1384 discipulis,
741 1323 758 1343 ‘⁴
768 1319 835 1370 Ecce
854 1319 912 1381 Ego
923 1320 1061 1369 vobiscum
1079 1333 1139 1369 sum
1150 1317 1286 1382 usquead
1303 1317 1480 1368 Consumma-

493 1387 594 1436 tionem
607 1385 733 1436 Saeculi”
744 1385 854 1448 (Marti.
865 1386 956 1435 xxviii.
969 1384 1026 1448 ao);

363 1537 497 1614 “usque
519 1530 561 1591 ad
586 1527 923 1593 Consummationem
946 1525 1094 1590 saeculi”
1112 1534 1164 1590 est
1187 1526 1356 1609 usquead
1378 1523 1479 1588 finem

364 1624 550 1699 Ecclesiae,
579 1624 659 1686 dum
689 1623 788 1685 Nova
814 1621 981 1697 Ecclesia,
1009 1641 1085 1684 cum
1112 1640 1178 1704 qua
1204 1628 1285 1683 tunc
1316 1620 1481 1683 Dominus

362 1710 435 1774 crit.
930 1767 933 1772 .

421 1801 525 1882 639.
550 1811 636 1878 [Vm.
649 1809 688 1876 a]
713 1797 998 1879 'lividitmquum
1009 1798 1094 1860 lun
1106 1797 1230 1860 mireum
1240 1796 1481 1878 miriunripne,''

362 1893 529 1974 significat
549 1891 700 1954 ultimum
723 1893 899 1954 termarum
915 1890 1041 1954 Mundi
1060 1889 1268 1972 Spiritualis,
1287 1889 1347 1952 ubi
1359 1889 1485 1952 cultelli

361 1998 467 2062 erant,
488 1986 606 2068 quibus
623 1985 753 2066 Religab
769 1995 802 2048 et
819 1985 895 2049 t‘rrde
914 1984 1043 2058 Cultus,
1062 1994 1094 2047 et
1115 2005 1178 2046 non
1195 1984 1323 2047 Bonum
1340 1982 1482 2046 vitae.—

363 2081 426 2146 Per
449 2087 569 2144 “mare
591 2079 758 2144 vitreum”
784 2080 871 2163 (cap.
895 2081 936 2142 iv.
958 2079 995 2161 6)
1019 2078 1243 2160 significatum
1266 2088 1319 2141 est
1346 2077 1480 2143 Novum

363 2175 502 2241 Caelum
521 2196 565 2240 ex
586 2174 793 2249 Christiania,
814 2176 869 2257 qui
892 2176 925 2237 in
949 2174 1182 2237 communibus
1199 2174 1287 2236 veris
1305 2193 1351 2236 ex
1373 2171 1480 2236 Sensu

362 2270 479 2334 literae
498 2270 603 2334 Verbi
623 2280 719 2333 erant
739 2268 787 2351 (n.
806 2269 896 2351 238).
942 2269 995 2332 Illi
1014 2269 1069 2350 qui
1091 2269 1125 2330 in
1144 2269 1377 2331 communibus
1395 2269 1482 2331 veris

362 2374 452 2438 sunt,
473 2366 575 2427 etiam
599 2364 632 2427 in
651 2365 803 2427 terminis
826 2363 920 2427 Caeli
942 2373 1032 2438 sunt,
1052 2383 1155 2444 quare
1177 2372 1341 2445 apparent
1364 2382 1384 2425 e
1407 2362 1479 2426 lon-

362 2459 489 2541 ginquo
511 2461 598 2521 sicut
625 2460 657 2520 in
685 2459 768 2520 mari
793 2457 839 2540 (n.
865 2460 936 2537 398,
958 2454 1171 2538 403,405[¹1):
1209 2458 1262 2521 hic
1285 2467 1401 2520 autem
1423 2476 1482 2539 per

363 2559 484 2616 “mare
507 2555 649 2616 vitreum
658 2552 673 2579 '’
696 2552 903 2633 significatur
926 2552 1062 2615 ultimus
1085 2553 1247 2615 terminus
1272 2552 1388 2615 mundi
1414 2553 1480 2633 spi-

361 2647 500 2721 ritualis,
524 2648 579 2710 ubi
602 2644 736 2711 collecti
763 2656 859 2711 erant
883 2647 1002 2729 quibus
1029 2645 1165 2728 Religio
1187 2657 1222 2710 et
1248 2647 1328 2711 inde
1350 2646 1480 2721 Cultus,

362 2743 422 2806 sed
446 2762 513 2805 non
539 2741 668 2805 Bonum
688 2740 813 2819 Vitae;
837 2743 915 2823 quia
933 2739 1091 2805 collectio
1109 2760 1153 2805 ex
1176 2741 1241 2804 illis
1264 2741 1480 2823 significatur,

363 2839 440 2901 ideo
456 2838 577 2899 dicitur
593 2842 612 2867 ‘¹
622 2845 779 2917 tanquam
795 2856 887 2899 mare
902 2836 1046 2899 vitreum
1059 2835 1084 2913 ;”
1106 2845 1141 2899 et
1157 2856 1290 2919 quoque
1304 2838 1413 2900 visum
1428 2848 1481 2899 est

364 2931 538 2992 “mixtum
559 2928 665 3010 igne,'’
681 2940 715 2993 et
735 2950 793 3011 per
810 2931 953 3011 “ignem
961 2930 977 2954 ”
991 2931 1035 2993 ibi
1054 2929 1261 3012 significatur
1278 2950 1373 2993 amor
1391 2930 1480 3003 mali,

363 3032 399 3087 et
422 3024 500 3086 inde
524 3023 647 3086 malum
671 3024 760 3087 vitae
786 3023 832 3104 (n.
851 3038 924 3104 452,
942 3025 1016 3103 468,
1035 3042 1108 3105 494,
1128 3024 1201 3104 766,
1220 3025 1293 3105 767,
1312 3024 1411 3106 787);
1434 3026 1483 3088 ita

363 3138 431 3182 non
460 3116 591 3180 Bonum
615 3116 728 3193 Vitae,
753 3137 830 3180 nam
859 3119 914 3180 ubi
941 3139 1009 3181 non
1036 3120 1171 3193 bonum,
1195 3120 1239 3182 ibi
1265 3129 1318 3182 est
1345 3118 1481 3182 malum.

364 3211 464 3293 Quod
484 3208 640 3275 collectio
659 3230 704 3274 ex
723 3211 787 3275 illis
807 3212 859 3276 hic
876 3212 1086 3294 intelligatur
1104 3233 1163 3295 per
1179 3219 1369 3295 “tanquam
1389 3232 1482 3277 mare

362 3309 506 3370 vitreum
526 3306 670 3368 mixtum
690 3306 797 3388 igne‚”
815 3316 912 3389 patet
931 3326 1063 3389 quoque
1082 3328 1126 3369 ex
1146 3326 1233 3370 nunc
1253 3308 1480 3390 sequentibus,

363 3411 399 3464 ut
412 3401 502 3483 quod
514 3398 614 3480 juxta
633 3400 696 3463 hoc
717 3400 811 3463 Mare
827 3402 987 3464 steterint
1004 3402 1087 3483 “qui
1103 3399 1277 3464 victoriam
1293 3401 1481 3465 habuerunt

363 3496 405 3558 de
426 3494 540 3557 Bestia
556 3503 591 3556 et
607 3494 650 3556 de
668 3494 815 3577 imagine
830 3494 930 3575 ejus,”
944 3514 1004 3577 per
1019 3515 1102 3577 quos
1118 3495 1348 3576 significantur
1362 3496 1418 3576 qui
1436 3516 1480 3558 ex

361 3587 544 3670 rejectione
564 3587 659 3651 Fidei
674 3598 850 3671 separatae
865 3610 886 3651 a
901 3588 1076 3653 Charitate
1092 3590 1124 3651 in
1142 3588 1238 3652 Bono
1254 3588 1357 3652 Vitae
1373 3600 1480 3662 erant,

362 3694 397 3747 et
417 3684 494 3746 inde
513 3683 546 3745 in
566 3681 671 3746 Caelo
691 3682 737 3764 (n.
756 3681 854 3764 660):
879 3682 943 3746 hoc
963 3702 1055 3747 mare
1074 3685 1176 3747 etiam
1195 3694 1248 3747 est
1267 3684 1357 3766 quod
1379 3683 1480 3747 intel-

361 3776 476 3859 ligitur
499 3778 531 3839 in
554 3796 627 3858 cap.
647 3778 719 3839 xxi.
743 3793 769 3851 1,
790 3798 849 3859 per
872 3776 967 3840 Mare
987 3778 1077 3859 quod
1102 3784 1198 3841 “non
1221 3788 1293 3841 erat
1316 3776 1482 3860 amplius”

364 3870 411 3953 (n.
425 3870 512 3952 878).
557 3869 667 3951 Quale
683 3881 754 3934 erat
771 3872 834 3935 hoc
852 3892 954 3945 mare,
968 3881 1003 3934 et
1015 3871 1132 3954 quales
1147 3872 1194 3935 illi
1206 3874 1261 3954 qui
1278 3872 1321 3935 ibi
1337 3873 1480 3946 suerunt,

363 3964 481 4028 datum
500 3966 602 4027 etiam
623 3974 674 4027 est
691 3964 822 4042 videre;
846 3964 978 4029 suerunt
998 3966 1055 4041 illi,
1073 3967 1190 4048 quibus
1209 3966 1345 4047 Religio
1362 3966 1479 4038 suerat,

361 4058 659 4142 frequentaverant
684 4059 822 4141 templa,
842 4060 1040 4123 audiverant
1063 4060 1341 4141 praedicationes,
1365 4060 1480 4123 obive-

362 4161 440 4215 rant
456 4151 594 4216 Sacram
611 4151 771 4227 Caenam,
788 4162 822 4215 et
839 4165 1015 4234 praeterea
1030 4172 1097 4216 non
1113 4155 1291 4237 quicquam
1307 4157 1480 4236 cogitave-

362 4254 439 4309 rant
476 4246 518 4308 de
556 4245 642 4319 Deo,
676 4245 786 4310 salute
818 4257 854 4311 et
886 4249 958 4310 vita
992 4258 1142 4323 aeterna,
1176 4250 1367 4311 nescientes
1402 4249 1480 4331 quid

363 4351 562 4422 peccatum;
585 4360 688 4422 quare
699 4340 830 4404 fuerunt
847 4342 1001 4405 homines
1012 4343 1123 4425 quoad
1139 4342 1268 4416 faciem,
1282 4353 1317 4405 et
1333 4342 1481 4425 plerique

362 4434 465 4496 etiam
488 4436 600 4516 quoad
623 4436 728 4497 vitam
755 4435 886 4498 civilem
910 4446 945 4500 et
968 4437 1141 4513 moralem,
1166 4437 1226 4499 sed
1252 4456 1387 4519 prorsus
1413 4457 1481 4500 non

363 4528 475 4609 quoad
494 4530 598 4591 vitam
618 4528 835 4610 spiritualem,
853 4550 898 4593 ex
916 4549 982 4613 qua
1000 4540 1116 4594 tamen
1134 4531 1237 4594 homo
1254 4540 1307 4593 est
1325 4530 1439 4595 homo.

424 4629 532 4694 660·
561 4630 626 4693 “fr
639 4629 794 4693 vietor-inm
810 4631 959 4695 lubenter
972 4632 1009 4695 de
1029 4632 1147 4707 Baetin,
1161 4638 1196 4696 ot
1207 4633 1244 4696 de
1258 4632 1389 4715 imagine
1404 4632 1481 4717 ejus,
