3384 5400
340 709 399 778 552
659 707 906 760 APOCALYPSIS
928 708 1139 759 REVELATA.

338 880 431 944 lum”
449 878 656 963 significatur
674 880 707 944 in
726 899 884 962 supremo
902 877 1009 943 Sensu
1031 879 1205 955 Dominus,
1224 889 1298 944 turn
1316 879 1457 946 Caelum

337 974 539 1057 angelicum,
563 984 598 1038 et
621 994 753 1057 quoque
781 973 940 1036 Divinum
964 972 1091 1037 Verum
1121 973 1308 1056 procedens
1337 995 1358 1038 a
1383 974 1456 1038 Do-
1526 989 1538 1006 ·

337 1071 428 1133 mino
442 1066 609 1149 (videatur
624 1088 735 1150 supra,
756 1089 787 1132 n.
807 1083 834 1149 5,
850 1063 918 1149 65l¹¹
935 1083 1003 1148 170,
1017 1069 1088 1148 258,
1103 1083 1173 1148 342,
1187 1064 1279 1150 343?l
1296 1085 1366 1149 344,
1381 1083 1457 1150 415,

335 1161 465 1247 465[·]);
505 1164 558 1226 hic
594 1172 708 1226 autern
744 1183 803 1245 per
836 1161 1064 1244 “Angelum’'
1096 1161 1327 1244 significantur
1362 1162 1456 1228 Caeli

338 1259 450 1340 Regni
477 1257 668 1340 spiritualia,
696 1266 731 1320 et
761 1257 839 1320 inde
869 1256 992 1320 Divina
1018 1278 1097 1320 vera
1123 1257 1177 1331 ibi,
1204 1259 1282 1340 quia
1307 1260 1457 1340 sequitur

337 1354 427 1436 quod
442 1352 560 1414 “alius
579 1349 736 1432 Angelus
757 1353 902 1414 exiverit
925 1372 970 1414 ex
992 1349 1133 1426 Altari‚”
1152 1371 1329 1434 perquem
1352 1353 1456 1434 signi-

337 1447 480 1510 ficantur
499 1445 592 1508 Caeli
611 1444 723 1526 Regni
742 1445 900 1508 caelestis
919 1445 1066 1519 Domini,
1083 1447 1132 1508 ita
1148 1445 1271 1508 Divina
1289 1446 1385 1510 Bona
1400 1448 1456 1523 ibi,

337 1543 380 1604 de
399 1561 466 1623 quo
484 1542 517 1603 in
536 1538 678 1603 articulo
697 1540 933 1621 subsequente.
979 1539 1064 1603 Sunt
1083 1540 1150 1603 duo
1169 1540 1302 1622 Regna,
1318 1543 1352 1603 in
1371 1561 1457 1623 quae

337 1653 456 1698 omnes
474 1633 568 1698 Caeli
587 1631 736 1697 distincti
755 1645 843 1707 sunt,
865 1634 1023 1714 Regnum
1043 1633 1223 1716 Spirituale
1240 1643 1276 1699 et
1297 1635 1456 1717 Regnum

337 1729 514 1805 Caeleste3
539 1727 696 1808 Regnum
716 1726 895 1809 Spirituale
913 1738 965 1791 est
990 1729 1147 1810 Regnum
1166 1727 1360 1810 Sapientiae
1382 1729 1455 1793 Do·

338 1824 428 1898 mini,
445 1825 521 1905 quia
541 1821 667 1903 Angeli
691 1822 735 1885 ibi
758 1823 791 1884 in
815 1819 989 1903 Sapientia
1006 1843 1050 1884 ex
1075 1822 1205 1885 Divinis
1223 1822 1323 1886 Veris
1341 1844 1361 1885 a
1384 1823 1456 1887 Do-

337 1920 428 1981 mino
461 1926 558 1993 sunt;
593 1926 627 1980 et
662 1915 820 1997 Regnum
851 1915 1007 1979 Caeleste
1039 1925 1092 1979 est
1117 1916 1284 2003 Regnum
1317 1916 1456 1980 Amoris

338 2012 485 2086 Domini,
505 2013 581 2094 quia
600 2009 728 2092 Angeli
750 2011 794 2073 ibi
817 2012 851 2074 in
869 2030 984 2073 amore
1006 2010 1197 2097 a·Domino
1214 2021 1304 2087 sunt,
1324 2021 1359 2074 et
1378 2011 1457 2075 inde

337 2108 369 2169 in
390 2107 480 2170 omni
500 2106 598 2169 bono.
645 2104 746 2185 Quod
762 2106 829 2168 sint
845 2104 913 2168 duo
928 2105 1060 2186 Regna,
1077 2105 1111 2167 in
1127 2125 1213 2187 quae
1228 2125 1347 2169 omnes
1363 2104 1458 2169 Caeli

337 2198 486 2265 distincti
502 2210 590 2273 sunt,
604 2200 756 2262 videatur
767 2200 800 2261 in
817 2220 919 2282 opere
934 2199 977 2262 de
995 2197 1093 2262 Caelo
1107 2208 1138 2260 et
1151 2198 1296 2278 Inferna,
1310 2199 1456 2262 Londini

341 2297 420 2376 1758
439 2296 532 2358 edito
552 2294 599 2376 (n.
620 2293 759 2375 20-28);
783 2303 819 2356 et
842 2295 876 2356 in
900 2293 1073 2374 Sapimtia
1090 2292 1252 2374 Angelica
1273 2294 1314 2357 de
1333 2294 1456 2358 Dabino

336 2390 463 2452 Amore
472 2388 638 2452 etDivina
649 2387 832 2468 Sapientia,
843 2386 1126 2470 [Amstelodami]
1141 2388 1218 2468 1763
1226 2390 1319 2452 edita
1328 2388 1375 2471 (n.
1387 2405 1455 2464 101,

339 2483 426 2566 381).
471 2485 533 2546 Per
545 2489 564 2515 “
573 2483 737 2564 templum
745 2481 760 2505 ”
772 2480 980 2563 significatur
989 2483 1179 2544 universum
1192 2481 1343 2558 Caelum,
1354 2494 1391 2547 ut
1401 2504 1456 2546 su·

338 2599 398 2660 pra
412 2577 458 2659 (n.
470 2577 562 2658 644),
576 2588 611 2640 at
624 2577 700 2658 quia
715 2576 769 2639 hic
782 2576 902 2638 dicitur
916 2576 1108 2658 “templum
1121 2578 1210 2658 quod
1226 2579 1258 2640 in
1275 2577 1409 2652 Caelo,”
1421 2588 1456 2642 et

338 2682 458 2755 postea
475 2677 494 2705 ‘⁶
505 2670 641 2745 altare,”
657 2689 715 2753 per
732 2670 926 2753 “templum
935 2670 949 2695 ”
964 2670 1172 2753 significatur
1187 2670 1327 2736 Caelum
1345 2672 1456 2755 Regni

338 2767 517 2851 spiritualis
540 2766 687 2840 Domini,
708 2774 744 2828 ut
768 2784 851 2828 mox
874 2764 1117 2847 supradictum
1136 2777 1268 2844 est;‘et
1288 2788 1347 2850 per
1366 2768 1455 2830 “ial-

338 2881 413 2925 cem
425 2871 558 2924 acutam
566 2861 581 2886 ''
594 2858 799 2943 significatur
811 2859 970 2922 DIvinum
984 2859 1111 2923 Verum
1125 2860 1239 2935 Verbi,
1250 2872 1287 2924 ut
1298 2882 1397 2943 supra
1408 2861 1456 2945 (n.

336 2956 409 3034 643,
420 2956 509 3037 645).
555 2954 655 3035 Quod
668 2950 905 3035 supradictum
918 2954 973 3029 sit,
984 2956 1075 3037 quod
1089 2954 1245 3018 “Sedens
1258 2975 1356 3037 super
1369 2958 1457 3021 nube

339 3052 465 3113 miserit
488 3049 608 3112 falcem
632 3047 734 3135 Suam
756 3058 791 3111 et
812 3048 967 3111 demessa
989 3058 1041 3112 est
1065 3049 1183 3123 terra,”
1201 3061 1236 3113 et
1260 3069 1347 3112 nunc
1367 3051 1456 3133 quod

340 3143 525 3226 “Angelus
541 3144 684 3207 exiverit
700 3163 719 3206 e
733 3142 879 3223 Templo
894 3163 913 3205 e
929 3142 1044 3217 Caelo,
1057 3143 1185 3205 habens
1200 3152 1235 3206 et
1252 3142 1308 3205 ille
1323 3144 1455 3219 falcem,

338 3250 373 3302 et
384 3239 511 3301 miserit
523 3237 614 3300 illam
624 3239 657 3299 in
668 3247 791 3300 terram
802 3247 838 3299 et
848 3237 1102 3300 vindemiaverit
1113 3238 1245 3300 vineam
1256 3237 1394 3313 terrae''
1404 3248 1456 3302 est

339 3336 415 3415 quia
430 3353 489 3415 per
502 3336 521 3363 “
531 3331 684 3405 terram,'’
696 3352 782 3414 quae
797 3351 816 3392 a
833 3330 982 3393 Sedente
997 3350 1097 3411 super
1112 3331 1209 3403 nube,
1222 3351 1280 3393 seu
1298 3330 1456 3407 Domino,

341 3426 511 3509 [demessa
533 3424 612 3507 est,]
640 3424 846 3507 significatur
872 3424 1026 3487 Ecclesia
1052 3426 1085 3487 in
1113 3426 1267 3487 universo
1293 3434 1456 3489 terrarum

339 3521 430 3595 orbe,
444 3530 479 3583 at
499 3540 557 3603 per
575 3522 734 3583 “vineam
751 3518 883 3581 terrae''
899 3517 1105 3599 significatur
1121 3518 1275 3581 Ecclesia
1293 3520 1326 3580 in
1343 3519 1456 3583 Chris-

339 3616 433 3678 tiano
445 3615 535 3677 orbe.
573 3614 668 3677 Haec
681 3613 858 3677 involvunt
870 3613 1000 3687 similia,
1013 3633 1099 3694 quae
1112 3611 1276 3675 Dominus
1288 3615 1456 3694 praedixit

339 3710 373 3771 in
390 3707 553 3771 Parabola
565 3709 608 3771 de
621 3706 817 3770 Seminante
829 3717 864 3769 et
878 3704 1078 3769 collectione
1095 3706 1362 3781 Messis,Mattl1.
1375 3709 1456 3784 xiii,

339 3824 425 3885 quae
448 3823 546 3884 supra
570 3801 617 3883 (n.
638 3801 700 3882 645
724 3801 766 3862 ad
794 3800 865 3883 fin.)
889 3798 1035 3865 adducta
1058 3810 1121 3874 est,
1147 3800 1201 3862 ubi
1224 3802 1343 3863 dicitur
1366 3802 1457 3886 quod

341 3896 491 3959 “Messis
509 3898 552 3959 sit
571 3897 828 3960 Consummatio
847 3894 999 3968 saeculi,''
1015 3895 1079 3957 hoc
1095 3904 1158 3969 est,
1176 3892 1250 3957 finis
1269 3894 1455 3974 Ecclesiae,

339 4000 374 4055 et
401 3992 491 4073 quod
522 3990 719 4053 “Messores
749 3990 815 4052 sint
847 3988 1003 4069 Angeli,''
1028 4008 1088 4070 per
1113 4008 1197 4070 quos
1227 3988 1457 4070 significantur

340 4085 463 4148 Divina
485 4084 596 4162 Vera;
625 4081 752 4164 Angeli
775 4085 864 4145 enim
888 4104 956 4146 non
979 4085 1159 4145 mittuntur
1181 4084 1224 4145 ad
1248 4085 1455 4160 metendum,

339 4180 403 4243 hoc
423 4190 485 4253 est,
503 4180 545 4241 ad
564 4178 752 4242 laciendum
769 4177 836 4252 illa,
854 4178 913 4240 sed
932 4176 1097 4239 Dominus
1113 4178 1146 4239 id
1164 4176 1242 4240 iacit
1259 4197 1318 4259 per
1334 4178 1457 4242 Divina

340 4272 432 4336 Vera
451 4272 555 4336 Verbi
574 4271 650 4348 Sui;
675 4272 840 4335 Dominus
859 4274 949 4334 enim
967 4272 1059 4346 dicit,

391 4441 534 4568 ''Verbpp
558 4440 628 4504 quod
656 4439 759 4489 locutus
782 4453 851 4498 sum,
875 4438 1003 4502 judicabit
1025 4438 1053 4488 in
1075 4446 1196 4488 extremo
1218 4437 1286 4488 die⁹¹
1309 4437 1384 4504 (Joh.
1408 4438 1455 4491 xli.

467 4518 484 4565 4
519 4518 526 4566 3

339 4655 492 4718 videatur
510 4674 608 4737 supra
629 4652 676 4737 (n.
695 4669 767 4734 233,
788 4651 876 4736 273).
