3384 5400
342 695 409 780 636
666 707 913 761 nrocnurrsrs
935 709 1145 761 neveram.

344 882 430 957 bum,
450 882 490 944 de
510 899 573 964 quo
590 880 700 962 prc'us,
721 881 767 944 sit
788 881 898 963 ipsum
919 880 1081 946 Divinum
1098 881 1235 957 Bonum,
1258 889 1297 945 εἰ
1311 882 1401 965 quod
1417 881 1464 946 sit

252 1027 255 1034 .
343 975 504 1039 Divinum
528 975 657 1053 Verum,
671 985 703 1038 et
720 976 809 1058 quod
823 977 1000 1056 auferatur
1012 975 1124 1040 Laicis
1142 987 1174 1040 et
1196 976 1310 1059 Vulgo,
1328 997 1368 1039 ne
1379 987 1460 1059 pro·

340 1070 561 1153 phanarzunes
578 1079 611 1133 et
624 1070 882 1134 adulteratzbnes
897 1071 947 1134 ibi
957 1070 1001 1134 ab
1015 1071 1260 1152 Antcsignanis
1270 1073 1389 1152 saliae
1401 1081 1462 1152 ap·

338 1174 494 1247 parcant,
507 1175 539 1228 et
553 1165 608 1227 illi
614 1173 793 1247 propterea
804 1165 1074 1230 recedant-Per
1090 1165 1273 1229 “Bestiam
1288 1186 1376 1249 quae
1390 1176 1461 1229 erat

344 1269 379 1324 et
403 1279 470 1322 non
494 1258 577 1334 est,’'
600 1259 807 1341 significatur
830 1258 993 1336 Verbum,
1017 1270 1054 1324 ut
1083 1261 1172 1342 prius
1196 1259 1297 1341 (vers.
1314 1260 1371 1342 8);
1405 1281 1463 1343 per

344 1354 433 1436 quod
452 1355 552 1435 “ipsa
568 1351 706 1417 octavus
722 1353 794 1427 sit‚”
810 1354 863 1418 hic
874 1351 1014 1417 ociavus
1027 1374 1135 1428 mons,
1149 1353 1357 1436 significatur
1372 1355 1460 1437 quod

344 1451 390 1511 sit-
417 1450 526 1530 ipsum
550 1449 708 1511 Divinum
733 1447 885 1526 Bonum3
919 1469 979 1531 per
1002 1455 1165 1531 “septem
1190 1459 1325 1515 montes
1336 1449 1351 1474 ’'
1373 1452 1460 1512 enim

343 1543 574 1624 significantur
597 1542 719 1605 Divina
742 1541 838 1606 Bona
861 1542 966 1606 Verbi
991 1542 1037 1626 (n.
1061 1543 1159 1625 737);
1190 1544 1269 1606 inde
1291 1559 1352 1626 per
1373 1543 1461 1626 quod

345 1639 445 1720 “ipsa
462 1637 576 1702 Bestia
595 1639 638 1700 sit
657 1635 820 1700 ociavus”
836 1657 944 1711 mons,
962 1637 1168 1720 significatur
1183 1637 1274 1719 quod
1292 1639 1337 1701 sit
1355 1639 1461 1721 ipsum

345 1733 502 1796 Divinum
517 1731 647 1794 Bonum
660 1753 668 1809 ;
685 1752 743 1812 per
755 1737 773 1764 “
785 1729 966 1795 octavum
978 1734 1082 1795 etiam
1092 1731 1301 1814 significatur*
1311 1732 1440 1796 Bonum
1453 1754 1461 1810 ;

344 1839 379 1892 et
399 1829 474 1911 quia
493 1827 605 1890 omnia
624 1827 716 1888 bona
732 1825 837 1889 Verbi
856 1827 943 1908 apud
963 1825 1039 1890 illos
1058 1828 1270 1909 prophanata
1288 1837 1378 1901 sunt,
1396 1847 1460 1890 non

344 1925 464 1986 dieitur
482 1923 554 2004 ipsa
569 1920 612 1983 de
628 1929 763 2002 septem
777 1921 951 1996 montibus,
967 1923 1054 1984 sicut
1070 1941 1152 1984 mox
1169 1921 1212 1984 de
1227 1932 1361 2004 septem
1376 1921 1461 2003 regi·

285 2055 289 2065 ·
344 2017 414 2090 bic-s,
432 2037 491 2098 per
510 2036 594 2099 quos
610 2014 842 2097 significantur
858 2015 980 2079 Divina
997 2015 1089 2079 Vera
1105 2015 1221 2096 Verbi,
1237 2033 1378 2099 quorum
1395 2035 1461 2079 non

344 2111 457 2174 omnia
475 2109 669 2174 adulterata
686 2121 763 2173 sunt
786 2109 831 2192 (n.
852 2126 923 2192 737,
940 2111 1028 2193 738).
1073 2109 1130 2174 Ex
1153 2112 1204 2174 his
1227 2113 1341 2194 paucis
1360 2111 1462 2174 videri

345 2215 459 2288 potest
483 2225 641 2268 arcanum
660 2206 750 2287 quod
774 2207 806 2268 in
830 2205 881 2268 his
899 2207 1010 2269 verbis
1032 2206 1243 2269 reconditum
1262 2204 1358 2270 latet.
1390 2205 1464 2268 ‘Per

345 2300 435 2383 quod
459 2302 520 2363 “in
544 2301 716 2364 interitum
740 2300 870 2374 abeat,”
889 2299 1096 2382 significatur
1118 2301 1208 2383 quod
1231 2300 1408 2382 rejiciatur,
1426 2309 1462 2362 ut

345 2415 446 2478 supra
466 2393 512 2476 (n.
532 2393 609 2476 734)
625 2415 632 2472 ;
656 2405 692 2458 at
715 2397 791 2477 quia
811 2395 962 2458 Verbum
985 2413 1057 2459 non·
1076 2396 1124 2458 ita
1142 2395 1287 2475 rejicitur
1305 2396 1384 2477 quin
1402 2414 1460 2476 ag·

345 2499 506 2554 noscatur
524 2510 586 2572 pro
604 2485 734 2564 sancto,
756 2490 815 2552 sed
835 2509 855 2552 a
875 2488 967 2553 laicis
985 2500 1021 2553 et
1040 2489 1144 2571 vulgo
1161 2490 1307 2552 aufertur
1325 2509 1368 2554 ne
1387 2510 1461 2572 pro·

346 2585 569 2668 phanationes
585 2585 664 2647 boni
680 2594 714 2647 et
730 2584 997 2648 adulterationes
1012 2585 1082 2646 veri
1100 2585 1149 2646 ibi·
1159 2585 1203 2646 ab
1218 2583 1463 2666 Antesignanis

344 2675 454 2747 festae
477 2689 673 2762 appareant,
697 2689 732 2743 et
764 2677 837 2742 laici
863 2689 1043 2761 propterea
1064 2679 1237 2753 recedant,
1261 2700 1364 2763 quare
1387 2679 1461 2754 hoc,

345 2776 423 2857 quia
444 2784 496 2837 est
520 2778 592 2857 ipsa
614 2794 725 2847 causa,
749 2794 808 2856 per
833 2774 953 2837 “abire
975 2775 1008 2835 in
1031 2774 1204 2837 interitum
1215 2774 1230 2800 ''
1248 2774 1461 2857 significatur.

346 2866 446 2951 Quod
467 2868 618 2931 Verbum
637 2869 680 2931 sit
702 2869 810 2950 ipsum
830 2868 989 2931 Divinum
1008 2868 1140 2932 Bonum
1160 2879 1195 2932 et
1214 2869 1374 2932 Divinum
1393 2866 1461 2932 Ve-

346 2983 429 3036 rum,
442 2972 494 3026 est
511 2963 588 3044 quia
601 2964 634 3024 in
651 2963 807 3025 omnibus
822 2973 860 3026 et
874 2963 1016 3044 singulis
1030 2961 1100 3043 ejus
1115 2971 1168 3026 est
1184 2961 1376 3044 conjugium
1394 2964 1462 3027 Do-

346 3059 426 3120 mini
442 3066 476 3120 et
495 3056 679 3131 Ecclesiae,
694 3068 729 3119 et
745 3057 823 3119 inde
839 3057 1030 3139 conjugium
1047 3058 1126 3119 boni
1142 3067 1176 3120 et
1192 3058 1281 3135 veri;
1304 3067 1377 3120 tum
1390 3060 1464 3141 quia

346 3153 379 3215 in
399 3150 538 3232 singulis
557 3150 627 3230 ejus
645 3161 698 3214 est
714 3149 839 3214 Sensus
858 3140 1015 3230 caelest-is
1031 3161 1066 3215 et
1082 3150 1209 3214 Sensus
1224 3153 1416 3235 spiritualis,
1430 3163 1463 3216 et

347 3248 379 3309 in
397 3244 504 3309 Sensu
518 3246 657 3307 caelesti
672 3256 725 3309 est
742 3245 900 3308 Divinum
918 3244 1061 3319 Bonum,
1074 3266 1114 3308 ac
1129 3247 1163 3308 in
1180 3244 1287 3309 Sensu
1303 3248 1463 3328 spirituali

346 3352 399 3404 est
416 3340 576 3403 Divinum
593 3339 740 3417 Verum;
764 3350 799 3404 et
815 3340 899 3403 haec
915 3348 993 3403 sunt
1013 3341 1045 3402 in
1062 3339 1189 3415 Verbo,
1205 3342 1283 3424 quia
1299 3342 1463 3404 Dominus

347 3446 399 3498 est
419 3434 570 3497 Verbum
585 3456 593 3512 ;
616 3454 702 3517 quae
721 3436 834 3498 omnia
852 3435 886 3497 in
903 3433 1068 3497 DoiIrina
1086 3432 1202 3497 Novae
1219 3434 1465 3517 Hierosolymac

347 3528 387 3590 de
410 3526 587 3609 Scriptura
603 3526 719 3603 Sacra,
737 3528 990 3593 Amstelodami
1008 3530 1110 3604 edita,
1128 3530 1362 3593 demonstrata
1376 3542 1463 3594 sunt.

406 3643 507 3713 74⁰.
521 3640 608 3707 [νινε.
618 3639 669 3708 ra]
683 3631 860 3694 “ficum
868 3630 1107 3715 omnemne
1117 3631 1237 3711 rr'iieti]
1250 3632 1356 3693 imm
1365 3630 1468 3713 πωροι

347 3726 430 3792 sunt,
442 3719 1185 3803 quirepnumnoniumaeceperuni,”significat
1206 3719 1346 3785 Verbum
1357 3719 1469 3804 quoad

342 3812 526 3895 potentiam
547 3834 589 3875 ex
609 3813 745 3877 Divinis
764 3814 853 3877 veris
871 3813 965 3895 apud
983 3813 1058 3877 illos
1078 3812 1139 3896 qui
1157 3813 1192 3877 in
1214 3834 1313 3895 regno
1337 3812 1466 3878 Gallice

348 3916 435 3981 sunt,
454 3916 486 3969 et
507 3926 570 3969 non
592 3907 642 3971 ita
665 3908 725 3970 sub
737 3910 821 3991 jugo
840 3907 990 3970 Domimi
1004 3907 1150 3988 Papalis
1174 3918 1260 3981 sunt,
1279 3908 1375 3989 apud
1385 3927 1465 3990 quos

348 4012 458 4064 tamen
480 4002 623 4063 nondum
644 4000 791 4064 Ecclesia
812 4002 863 4065 ita
884 4011 1043 4084 separata
1064 4024 1087 4065 a
1107 4002 1275 4087 Religibso
1300 4000 1328 4066 C
1328 4000 1467 4065 athalico

349 4095 499 4159 Romano
513 4096 614 4176 sacia
635 4094 839 4177 esa-Quod
864 4096 948 4159 baec
978 4098 1021 4160 de
1053 4097 1118 4160 illis
1151 4098 1184 4160 in
1207 4094 1338 4160 Galliae
1360 4116 1467 4177 regno

348 4188 528 4265 dictasint,
541 4202 699 4255 constare
712 4201 825 4273 potest
841 4198 886 4255 e'x
900 4193 984 4256 serie
996 4210 1105 4255 rerum
1118 4194 1151 4255 in
1165 4191 1272 4255 Sensu
1284 4189 1446 4273 spirituali
1458 4212 1465 4267 ;

348 4286 460 4365 agitur
477 4287 566 4347 enim
586 4304 672 4348 nunc
693 4286 735 4349 de
751 4288 945 4368 receptione
962 4286 1067 4349 Verbi
1085 4288 1128 4350 ab
1145 4286 1211 4349 illis
1229 4287 1284 4369 qui
1303 4287 1336 4350 in
1352 4284 1465 4349 Chris-

349 4380 442 4442 tiano
461 4380 541 4442 orbe
560 4390 659 4456 sunt;
683 4380 724 4442 de
744 4382 939 4462 receptione
958 4379 1063 4445 Verbi
1082 4392 1117 4445 et
1134 4381 1213 4444 inde
1231 4392 1324 4444 statu
1344 4380 1465 4445 Eccle-

349 4474 418 4534 siae
440 4473 528 4553 apud
549 4473 707 4536 Romano
726 4472 923 4537 Catholicos
943 4473 1043 4556 (vers
1061 4474 1182 4557 9-11);
1211 4474 1253 4538 de
1272 4476 1466 4556 receptione

349 4564 454 4629 Verbi
473 4576 508 4630 et
532 4568 609 4631 inde
628 4576 720 4631 statu
740 4567 916 4631 Ecclesiae
933 4569 1022 4651 apud
1046 4569 1122 4632 illos
1144 4570 1199 4652 qui
1219 4568 1394 4651 Religioso
1412 4568 1465 4631 isti

349 4660 411 4723 nisi
434 4660 542 4724 solum
564 4663 676 4745 quoad
699 4672 843 4727 externa
866 4660 991 4727 addicti
1013 4673 1102 4739 sunt,
1126 4665 1181 4732 uui
1204 4664 1337 4727 suntin
1360 4680 1466 4745 regno
