3384 5400
352 707 416 772 600
671 719 919 772 aeocncvcsis
941 719 1153 771 naumann.

352 895 387 958 in
402 893 577 958 ratiocinia
592 892 752 956 ahtenbra
766 892 909 967 illorum,
921 904 985 975 per
1001 913 1085 974 quae
1097 891 1293 975 confirmant
1298 889 1467 976 Jirstifica·

352 990 469 1053 n'onem
480 999 543 1070 per
558 988 662 1051 solam
679 987 912 1052 Fidem-Per
924 993 943 1020 ‘⁴
954 996 1092 1050 sextum
1106 985 1278 1068 Angelum
1294 985 1467 1050 effunden-

351 1093 423 1146 tem
442 1081 587 1165 phialam
604 1101 698 1144 suam
707 1081 722 1106 ”
738 1079 954 1163 significatur,
970 1081 1023 1145 hic
1040 1090 1077 1143 ut
1095 1100 1206 1163 supra,
1222 1080 1386 1159 influxus;
1409 1101 1469 1162 per

352 1177 513 1241 “fluvium
534 1193 693 1258 magnum
714 1175 924 1257 Euphratem
932 1175 948 1200 ¹⁹
966 1173 1198 1257 significantur
1219 1176 1393 1239 ratiocinia
1415 1177 1467 1238 in·

351 1273 484 1347 teriora,
504 1271 656 1334 similiter
678 1279 715 1334 ut
738 1289 838 1352 supra
862 1267 909 1351 (n.
927 1287 1000 1348 444,
1018 1268 1119 1351 445);
1149 1269 1203 1331 hic
1221 1270 1398 1332 ratiocinia
1415 1272 1466 1333 in-

350 1368 474 1430 teriora
492 1365 578 1429 illius
598 1363 782 1438 Ecclesiae,
799 1384 859 1445 ρετ
875 1384 960 1445 quae
975 1362 1176 1426 confirmant
1192 1362 1466 1443 justificationem

350 1481 408 1543 per
424 1459 532 1523 solam
552 1458 681 1532 Fidem,
700 1459 777 1541 quia
795 1457 838 1520 de
856 1457 908 1521 his
926 1459 959 1519 in
977 1465 1065 1519 nunc
1084 1458 1302 1539 sequentibus
1319 1460 1440 1539 agitur.

408 1559 512 1633 7⁰⁰.
539 1549 605 1612 “fr
616 1549 778 1612 exsiccate
792 1553 843 1610 eet
862 1566 944 1629 nque
964 1547 1042 1629 elue,
1064 1554 1100 1611 ut
1114 1554 1286 1628 parentur
1299 1549 1345 1611 riu
1359 1569 1468 1633 repunt

350 1640 389 1703 ei
404 1646 473 1703 ertu
486 1639 597 1711 aelie,''
608 1636 775 1720 significat
787 1638 877 1718 quod
884 1647 1010 1700 remota
1021 1637 1201 1718 sintfalsa
1211 1639 1467 1702 ratiociniorum

349 1733 498 1808 istorum,
518 1731 612 1812 apud
630 1729 707 1794 illos
729 1730 789 1811 qui
807 1749 829 1792 a
846 1728 987 1792 Domino
1007 1728 1044 1792 in
1060 1730 1152 1793 veris
1167 1751 1211 1792 er
1224 1730 1305 1794 bono
1322 1741 1409 1806 sunt,
1427 1751 1467 1795 ac

349 1827 384 1890 in
402 1845 521 1890 novam
538 1825 718 1888 Ecclesiam
734 1823 1077 1887 introducendi-Per
1092 1825 1181 1906 quod
1201 1827 1403 1890 “exsiccata
1422 1828 1466 1890 sit

349 1920 464 2004 aqua,”
480 1919 686 2001 significatur
701 1919 792 2002 quod
811 1928 942 1981 remota
959 1918 1028 1981 sint
1047 1918 1130 1981 salsa
1148 1920 1396 1984 ratiociniorum
1414 1921 1464 1984 in·

349 2016 508 2078 teriorum
538 2015 699 2089 istorum;
737 2031 796 2094 per
824 2013 915 2101 quod
939 2014 1141 2076 “exsiccata
1169 2013 1236 2076 sit”
1258 2014 1466 2095 significatur

349 2109 440 2191 quod
459 2117 591 2172 remota
609 2108 687 2180 sint,
704 2117 739 2170 et
758 2125 818 2188 per
837 2106 1010 2189 “aquam'’
1027 2105 1257 2188 significantur
1271 2129 1362 2184 vera,
1377 2120 1413 2173 et
1431 2112 1464 2173 in

349 2205 507 2285 opposito
532 2220 632 2264 sensu
657 2199 740 2263 falsa
769 2199 815 2281 (n.
841 2213 891 2278 50,
913 2200 1002 2281 614),
1028 2201 1081 2264 hic
1108 2201 1191 2265 falsa
1216 2204 1464 2267 ratiociniorum

349 2298 553 2370 interiorum,
570 2297 646 2378 quia
664 2304 737 2358 erat
753 2313 839 2376 aqua
855 2293 941 2357 fluvii
958 2294 1151 2376 Euphratis,
1168 2316 1228 2377 per
1245 2317 1344 2379 quem
1360 2300 1464 2379 signi·

348 2391 490 2454 ficantur
508 2391 682 2454 ratiocinia
704 2389 760 2452 illa
781 2387 827 2470 (n.
846 2389 946 2469 699);
979 2409 1039 2470 per
1057 2391 1209 2471 “reges''
1227 2393 1345 2473 quibus
1367 2414 1463 2475 para·

348 2496 439 2549 retur
457 2487 510 2547 via
529 2483 758 2564 significantur
776 2484 830 2564 qui
851 2505 871 2545 a
891 2484 1038 2547 Domino
1056 2485 1089 2546 in
1109 2486 1195 2547 veris
1212 2506 1257 2547 ex
1277 2487 1368 2551 bono
1385 2500 1463 2553 sunt

350 2577 397 2660 (n.
425 2575 611 2660 aol'1483);
649 2597 708 2660 per
739 2582 879 2640 “ortum
906 2577 1010 2640 solis”
1035 2577 1242 2659 significatur
1267 2583 1462 2665 principium

349 2673 468 2737 Novae
481 2671 654 2736 Ecclesiae
666 2693 686 2735 a
700 2671 857 2745 Domino,
869 2671 976 2736 simile
985 2671 1074 2754 quod
1088 2693 1146 2754 per
1157 2678 1176 2706 ‘¹
1186 2674 1302 2738 mane¹'
1313 2674 1359 2758 (n.
1375 2677 1462 2761 151);

348 2788 408 2850 per
432 2774 576 2849 “parare
599 2766 711 2829 viam”
733 2766 940 2847 significatur
962 2786 1159 2850 praeparare
1181 2768 1225 2831 ad
1247 2770 1463 2837 introducen-

348 2863 447 2925 dum:
480 2882 523 2925 ex
547 2862 598 2924 his
617 2871 723 2943 patet,
743 2861 832 2943 quod
852 2880 911 2942 ρετ
928 2860 1017 2942 quod
1035 2863 1236 2926 “exsiccata
1251 2865 1295 2927 sit
1312 2886 1409 2948 aqua,
1426 2878 1464 2932 ut

348 2966 521 3039 pararetur
536 2957 589 3017 via
601 2974 718 3035 regum
734 2955 777 3017 ab
792 2964 870 3018 ortu
884 2954 994 3028 solis,''
1009 2953 1215 3035 significetur
1230 2960 1320 3039 quod
1332 2973 1466 3027 remota

347 3056 415 3117 sint
431 3053 514 3125 falsa
532 3054 780 3117 ratiociniorum
797 3054 992 3115 interiorum
1008 3053 1096 3134 apud
1115 3052 1190 3117 illos
1206 3058 1261 3137 qui
1276 3076 1297 3119 a
1315 3058 1463 3125 Domino

347 3151 378 3212 in
399 3150 486 3212 veris
504 3168 548 3210 ex
565 3147 655 3210 bono
671 3156 759 3221 sunt,
777 3156 811 3209 et
830 3148 863 3208 in
881 3146 1014 3210 Novam
1028 3147 1215 3211 Ecclesiam
1228 3151 1463 3219 introducendi

347 3254 437 3307 sunt.
482 3242 576 3305 Haec
589 3252 641 3304 est
658 3242 759 3303 series
772 3260 901 3304 rerum:
925 3243 1036 3322 agitur
1048 3240 1100 3304 hic
1117 3242 1160 3305 de
1171 3250 1464 3313 consummatione

347 3358 405 3401 seu
424 3336 489 3399 fine
509 3335 682 3399 Ecclesiae
701 3334 893 3408 hodiernae,
911 3346 946 3398 et
969 3337 1011 3399 de
1035 3336 1277 3401 instauratione
1294 3360 1353 3402 seu
1372 3343 1462 3423 prin·

347 3433 434 3513 cipio
457 3430 631 3493 Ecclesiae
655 3428 783 3500 Novae,
808 3438 842 3492 et
873 3430 916 3492 de
938 3431 1222 3493 contentionibus.
1267 3431 1320 3495 Illi
1342 3438 1398 3516 qui
1419 3438 1464 3500 ab

347 3525 502 3588 Ecclesia
518 3524 680 3586 hodierna
692 3525 725 3585 in
741 3522 814 3586 sola
830 3523 1014 3597 Fidesunt,
1028 3524 1262 3605 intelliguntur
1273 3546 1333 3608 per
1346 3534 1365 3561 ‘⁸
1376 3529 1462 3593 Dra·

346 3618 495 3691 conem,”
516 3618 693 3680 “Bestiam
702 3618 717 3641 ”
735 3627 769 3681 et
791 3618 1181 3699 “Pseudoprophetam,”
1203 3620 1245 3683 de
1267 3621 1386 3703 quibus
1408 3645 1463 3687 se·

346 3715 475 3796 quitur;
500 3721 534 3775 et
550 3712 618 3792 ejus
635 3712 873 3775 contentiones
889 3730 963 3774 cum
980 3711 1045 3774 illis
1063 3714 1118 3793 qui
1134 3714 1177 3774 ab
1193 3713 1347 3779 Ecclesia
1363 3716 1463 3782 Nova

345 3818 454 3880 erunt,
474 3805 709 3886 intelliguntur
727 3825 786 3888 per
805 3807 1137 3887 “congregationem
1156 3826 1274 3887 regum
1292 3820 1403 3874 terrae
1418 3812 1461 3875 ad

345 3901 508 3985 proelium
522 3900 546 3977 ;”
569 3899 616 3963 illi
635 3910 748 3962 autem
767 3900 823 3982 qui
841 3920 861 3962 ε
881 3900 979 3962 Nova
995 3898 1150 3963 Ecclesia
1167 3913 1276 3975 erunt,
1294 3924 1370 3967 cum
1387 3908 1462 3987 qui*

345 3997 407 4059 bus
425 3995 645 4067 contendent,
666 3992 902 4073 intelliguntur
920 4014 979 4075 per
1000 3992 1077 4057 illos
1099 4015 1160 4076 pro
1178 3996 1297 4077 quibus
1321 4000 1462 4063 “exsic-

344 4100 422 4153 cata
437 4100 491 4153 est
512 4109 598 4171 aqua
617 4088 704 4151 fluvii
724 4086 916 4169 Euphratis,
936 4098 973 4151 ut
991 4099 1164 4170 pararetur
1186 4091 1240 4153 via
1261 4091 1396 4173 regibus
1418 4096 1463 4159 ab

344 4193 421 4247 ortu
436 4181 543 4245 solis.”
588 4182 663 4245 Hoc
681 4182 821 4245 involvit
838 4181 945 4245 simile
960 4202 1036 4245 cum
1054 4182 1304 4249 introduilione
1318 4184 1462 4253 filiorum

345 4276 479 4339 Israelis
494 4277 526 4338 in
539 4276 678 4339 Terram
692 4274 896 4351 Canaanem,
910 4296 985 4339 cum
1001 4277 1201 4352 discrimine,
1214 4280 1304 4360 quod
1320 4300 1382 4362 pro
1397 4281 1462 4345 illis

344 4371 535 4433 exsiccatus
551 4372 593 4433 sit
609 4368 726 4432 fluvius
740 4368 916 4451 Jordanes,
932 4382 968 4435 at
985 4391 1046 4453 pro
1060 4372 1112 4435 his
1127 4371 1243 4435 fluvius
1259 4374 1460 4457 Euphrates.

344 4460 454 4528 Causa
463 4466 551 4546 quod
564 4464 682 4546 prohis
690 4463 806 4527 fluvius
817 4465 1178 4549 Euphrates,est,quia
1187 4468 1240 4531 hic
1248 4470 1461 4535 contendunt

342 4578 402 4640 per
414 4549 586 4621 ratiocinia
599 4560 767 4630 interiora,
781 4579 866 4640 quae
878 4560 1093 4635 exsiccando,
1104 4562 1168 4625 hoc
1181 4573 1244 4637 est,
1255 4566 1461 4629 removenda

343 4660 432 4727 sunt,
448 4661 631 4735 antequam
650 4652 688 4716 fit
704 4652 929 4733 introducti03
952 4656 1157 4737 quaeetiam
1172 4668 1353 4735 causaest,
1368 4660 1460 4741 quod
