3384 5400
350 735 415 818 696
673 746 920 799 nrocnuuusts
943 746 1154 797 unvnunrn.

282 946 289 957 ·
350 918 432 981 ideo
456 918 578 981 dicitur
603 916 754 981 “artilex
776 916 887 981 omnis
913 916 1033 981 artis:”
1055 918 1157 981 etiam
1188 938 1248 1002 per
1271 916 1473 995 “militen''

354 1034 398 1075 ex
416 1011 563 1076 artificiis
577 1022 613 1075 et
629 1012 756 1075 artibus
772 1031 898 1087 eorum,
912 1032 957 1075 ex
970 1012 1269 1095 correspondentia
1280 1012 1474 1096 significan·

350 1118 405 1171 tur
428 1106 510 1170 talia
532 1127 618 1189 quae
643 1106 842 1189 sapientiae,
865 1105 1112 1188 intelligentiae
1138 1116 1173 1170 et
1200 1108 1364 1172 scientiae
1387 1118 1474 1173 sunt.

351 1202 408 1264 Ex
428 1200 728 1283 correspondentia
744 1201 875 1278 dicitur,
892 1201 969 1283 quia
984 1220 1085 1264 omne
1100 1221 1185 1283 opus
1200 1202 1347 1267 hominis
1363 1223 1473 1267 corre-

350 1296 509 1379 spondet,
533 1295 685 1359 similiter
708 1296 817 1359 omnis
840 1296 1003 1377 operatio,
1028 1295 1130 1359 modo
1157 1296 1200 1359 sit
1223 1294 1363 1377 alicujus
1387 1318 1473 1373 usus,

351 1390 475 1454 talibus
494 1409 579 1472 quae
603 1389 850 1471 intelligentiae
869 1389 1045 1471 angelicae
1067 1399 1167 1467 sunt;
1201 1401 1255 1453 ast
1278 1390 1353 1453 aliis
1377 1392 1474 1457 rebus

252 1479 255 1487 ’
350 1495 409 1548 aut
432 1484 591 1565 subjectis
615 1483 861 1565 intelligentiae
884 1483 1071 1566 angelicae,
1094 1504 1180 1566 quae
1203 1483 1370 1548 artificum
1394 1487 1473 1561 auri,

350 1579 484 1660 argenti
507 1587 544 1641 et
573 1577 722 1661 lapidum
744 1579 968 1661 pretiosorum
991 1588 1080 1652 sunt,
1103 1578 1177 1641 aliis
1199 1598 1284 1661 quae
1307 1580 1473 1643 artificum

350 1675 447 1749 aeris,
464 1672 550 1747 ferri,
571 1672 652 1755 ligni
670 1684 706 1736 et
725 1672 844 1755 lapidis
865 1682 954 1748 sunt,
971 1681 1007 1736 et
1026 1672 1100 1735 aliis
1120 1672 1393 1755 quaeartificum
1413 1675 1472 1739 ali·

351 1787 446 1831 orum
466 1788 582 1833 usuum
596 1767 874 1832 desiderabilium
893 1776 983 1841 sunt,
1004 1774 1040 1829 ut
1063 1786 1260 1849 pannorum,
1280 1766 1472 1844 linteorum,

350 1862 508 1936 vestium,
524 1870 559 1925 et
577 1861 850 1925 indumentorum
866 1862 947 1924 varii
963 1862 1107 1943 generis.
1153 1860 1248 1928 Haec
1265 1864 1380 1927 omnia
1399 1884 1472 1928 cor·

351 1957 569 2037 respondent,
578 1965 615 2020 ut
627 1953 754 2019 dictum
767 1966 834 2030 est,
848 1957 924 2039 quia
937 1966 1014 2017 sunt
1028 1976 1141 2038 opera.
1185 1956 1241 2018 Ex
1253 1956 1473 2021 his-constare

350 2060 478 2133 potest,
498 2050 589 2131 quod
611 2071 671 2133 per
690 2050 883 2113 “artificem
902 2050 1012 2113 omnis
1030 2048 1142 2123 artis,”
1159 2050 1215 2133 qui
1235 2070 1302 2117 non
1321 2052 1473 2117 invenie·

351 2154 407 2207 tur
428 2146 461 2207 in
479 2144 665 2226 Babylone,
687 2165 755 2207 non
775 2144 987 2225 intelligatur
1007 2145 1098 2226 quod
1121 2164 1189 2208 non
1211 2143 1330 2227 aliquis
1348 2144 1472 2211 artifex

350 2239 406 2312 ibi,
423 2240 482 2302 sed
501 2240 592 2321 quod
610 2260 678 2304 non
694 2239 814 2323 aliquis
829 2236 1024 2303 intelle&us
1043 2239 1111 2301 veri
1131 2238 1374 2320 spiritualis,.et
1394 2242 1472 2305 inde

351 2354 414 2397 nec
433 2333 546 2415 aliqua
563 2334 729 2415 cogitatio
746 2334 817 2396 veri
834 2333 1034 2415 spiritualis;
1057 2333 1117 2397 sed
1133 2334 1180 2397 ita
1198 2331 1308 2397 solum
1323 2332 1403 2409 illis,
1417 2338 1473 2420 qui

351 2428 384 2491 in
402 2427 576 2509 Religioso
592 2428 651 2491 illo
669 2449 714 2491 ex
731 2428 887 2491 doctrina
900 2427 970 2509 ejus
986 2437 1021 2491 et
1037 2448 1083 2491 ex
1099 2428 1170 2491 vita
1180 2428 1365 2491 secundum
1378 2428 1471 2493 illam
1575 2494 1579 2509 ‚

350 2532 440 2597 sunt,
457 2533 491 2586 et
511 2542 643 2605 quoque
658 2532 822 2604 quantum
838 2543 883 2585 ex
903 2542 951 2585 se.
995 2520 1096 2603 Quod
1113 2522 1263 2587 “artifex
1273 2522 1288 2547 ”
1303 2523 1471 2605 significet

349 2615 427 2679 illos
445 2618 500 2700 qui
519 2618 552 2679 in
571 2614 747 2688 intelledtu
765 2618 836 2679 veri
854 2626 944 2692 sunt,
961 2625 997 2681 et
1015 2618 1093 2681 iude
1111 2618 1144 2679 in
1163 2618 1374 2700 cogitatione
1390 2620 1470 2693 veri,

350 2719 508 2775 constare
526 2721 642 2795 potest
661 2733 705 2776 ex
725 2711 798 2775 his:

400 2859 522 2910 Beznleel
539 2869 568 2910 et
583 2861 733 2911 Aboliabus
745 2861 868 2911 Artifices
886 2862 984 2912 iactent
998 2863 1220 2924 Tabernaculum,
1235 2863 1297 2927 qula
1314 2865 1417 2928 impleti
1430 2881 1472 2916 sa-

481 2926 589 2988 pientia,
602 2927 787 2990 intelligentia,
801 2938 828 2977 et
845 2929 958 2978 scientia
972 2927 1068 2991 (Exod.
1079 2929 1150 2978 xxxi.
1163 2941 1195 2989 3:
1217 2944 1275 2992 cap.
1288 2931 1379 2980 xxxvl.
1392 2943 1415 2990 1,
1428 2935 1470 2994 2);

401 2992 419 3014 ⁴⁴
428 2989 567 3050 Fecerunt,
577 2993 666 3049 omnis
675 2993 783 3054 sapiens
792 2994 873 3043 corde
884 2993 954 3043 inter
962 2994 1091 3043 iacientes
1101 3008 1177 3057 opus,
1188 2994 1379 3053 habitaculum,
1386 3011 1471 3060 opere

481 3056 598 3113 Artificis
606 3056 620 3077 '¹
632 3056 725 3119 (Exod.
737 3059 826 3107 xxxvi.
839 3060 864 3119 8)
874 3072 880 3118 ;

339 3157 346 3172 .
401 3120 519 3172 “Faciet
538 3121 734 3181 Habitacarlum,
754 3124 875 3186 xylinum
894 3124 1074 3184 intertextum,
1094 3133 1122 3176 et
1139 3125 1344 3188 hyacinthinum
1359 3135 1388 3178 et
1407 3143 1469 3191 pur·

480 3191 786 3315 pprarpkepdcoccineum
798 3189 952 3253 dibaphum,
963 3199 990 3239 et
1001 3190 1147 3250 cherubos;
1165 3205 1245 3254 opere
1258 3189 1375 3242 Artificis
1387 3189 1470 3244 iacies

480 3251 546 3301 ra''
593 3270 613 3302 x
645 3255 788 3313 .xxvi.1;

400 3319 418 3342 ‘⁸
427 3316 520 3366 Facies
528 3319 616 3444 velurp
625 3318 639 3337 ”
649 3255 772 3370 similiter)
782 3321 889 3382 “opere
897 3319 1014 3370 Artificis
1022 3319 1037 3340 ”
1046 3317 1153 3386 ([Exod
1163 3317 1249 3385 xxvi]
1260 3333 1330 3372 vera.
1342 3333 1372 3384 31
1383 3337 1391 3382 t
1408 3337 1467 3386 cap.

480 3395 627 3444 fflV·35:

398 3447 525 3497 Similiter
534 3448 674 3577 βρῑέἷάιιω
684 3464 766 3513 opere
774 3450 908 3500 Artificis:
926 3459 956 3500 ut
964 3459 992 3501 et
1003 3447 1141 3502 Pedlorale
1150 3451 1244 3514 (Exod.
1255 3451 1346 3504 mcviii.
1357 3453 1391 3512 ⁶:
1408 3467 1467 3516 cap.

478 3527 568 3564 xxxta
616 3529 622 3570 ;

348 3653 470 3717 artifex
493 3654 537 3716 ibi
556 3654 750 3719 nominatur
764 3673 850 3720 voce
868 3675 954 3738 quae
976 3656 1080 3720 etiam
1103 3654 1271 3738 significat
1286 3655 1467 3738 Excogita-

348 3758 461 3811 torem.

399 3883 416 3904 ‘⁴
424 3881 532 3944 Sculpes
548 3880 616 3932 duos
632 3881 756 3944 lapidec”
785 3897 836 3933 uoa
849 3897 934 3946 ponet
945 3897 1026 3946 super
1037 3883 1156 3933 humeris
1169 3883 1283 3948 Ephodi,
1299 3885 1405 3946 “opere
1417 3884 1467 3933 Ar-

479 3946 556 3996 tificis
567 3961 735 4009 gemmarum
744 3946 759 3967 ''
768 3897 865 4010 2Exod.
879 3950 970 3999 xxviii.
985 3949 1032 4011 ιι).

411 4086 451 4150 In
464 4087 623 4169 opposito
632 4108 732 4150 sensu
743 4107 802 4170 per
815 4093 835 4120 “
844 4107 928 4170 opus
940 4085 1076 4150 artificis
1084 4087 1100 4112 ”
1112 4085 1319 4169 significatur
1333 4087 1366 4150 id
1379 4107 1463 4170 opus

346 4182 435 4262 quod
455 4180 493 4244 fit
513 4202 557 4244 ex
577 4183 710 4264 propria
728 4180 967 4263 intelligentia,
987 4203 1032 4245 ex
1051 4201 1117 4265 qua
1135 4200 1201 4245 non
1220 4181 1310 4244 aliud
1327 4181 1462 4264 produci

345 4285 461 4357 potest
484 4295 584 4358 quam
602 4276 732 4339 salsum.
778 4276 855 4340 Hoc
874 4277 1074 4358 intelligitur
1097 4297 1156 4359 per
1175 4281 1287 4359 “opus
1305 4273 1440 4340 artificis
1448 4275 1463 4298 ”

346 4371 379 4431 in
398 4370 449 4432 his
468 4370 570 4433 locis:

396 4515 530 4643 “Facpppt
539 4517 783 4646 ‘fuiqffmw
792 4533 843 4570 tuo
852 4520 879 4570 in
886 4519 1061 4584 intelligentia
1067 4533 1124 4580 aua,
1134 4533 1202 4584 opus
1210 4517 1349 4570 Artificum
1356 4527 1440 4570 totum
1459 4516 1463 4540 ''

514 4599 552 4632 osc
572 4599 645 4634 ,tutu
691 4599 697 4641 ς

396 4646 549 4711 “Sculptile
566 4649 653 4700 tundit
663 4649 779 4708 Artifex,
792 4658 820 4700 et
836 4649 967 4702 conflator
983 4661 1049 4700 auro
1066 4649 1181 4708 obducit,
1196 4658 1223 4700 et
1239 4658 1349 4702 catenat
1359 4655 1461 4713 argenta

473 4713 587 4775 constan
606 4715 744 4766 Artificem
754 4715 904 4779 sapientem
916 4716 1018 4780 quaerit
1026 4715 1039 4734 '¹
1051 4715 1134 4780 (ΕΜ).
1143 4715 1179 4766 xl.
1193 4727 1230 4780 19,
1241 4717 1299 4776 ao);
