3384 5400
520 642 599 694 cnr.
616 642 732 706 xvur,
750 642 852 693 vans.
869 645 998 713 23.-u.
1014 632 1085 715 798.
1299 650 1361 717 703

241 814 275 878 in
297 813 412 897 primis
428 817 477 877 ‘et
507 834 528 877 a
556 812 601 877 Se
630 814 664 877 in
690 813 827 890 ultimis,
850 814 1005 879 videatur
1033 816 1067 880 in
1090 814 1264 897 Sapientia
1285 816 1360 879 An·

236 907 344 991 gelica
354 908 396 971 de
405 907 530 971 Diam
538 908 665 972 Amare
673 918 706 972 et
715 909 842 973 Divina
855 908 1028 991 Sapientia
1042 909 1089 992 (n.
1100 926 1255 992 217-·219,
1268 912 1360 995 221);

240 1014 276 1066 et
288 1004 379 1085 quod
394 1003 473 1065 inde
486 1003 540 1077 sit,
553 1004 642 1085 quod
659 1003 824 1067 Dominus
837 1005 968 1068 dicatur
979 1006 1136 1068 “Primus
1148 1016 1183 1068 et
1197 1005 1358 1081 Ultimus,

241 1096 357 1180 Alpha
369 1106 403 1160 et
415 1094 558 1178 Omega,
568 1098 767 1181 Principium
777 1110 813 1163 et
827 1099 930 1173 Finis,
942 1097 1196 1182 Omnipotens,”
1206 1100 1360 1165 videatur

239 1211 340 1274 supra
364 1189 410 1274 (n.
430 1208 543 1272 29-31‚
562 1194 612 1271 38,
631 1192 695 1275 57).
740 1192 824 1275 Quis
847 1214 915 1256 non
937 1194 1052 1257 videre
1077 1203 1202 1276 potest,
1222 1196 1250 1258 si
1272 1194 1357 1267 vult,

240 1286 330 1368 quod
352 1285 498 1349 salvatio
515 1287 661 1351 hominis
683 1288 727 1351 sit
750 1289 910 1351 continua
932 1289 1086 1369 operatio
1110 1288 1245 1353 Domini
1268 1291 1359 1372 apud

239 1380 410 1445 hominem
433 1401 454 1444 a
476 1382 584 1463 primo
605 1382 765 1446 infantiae
787 1382 857 1463 ejus
880 1403 984 1465 usque
1013 1383 1058 1445 ad
1087 1383 1243 1448 ultimum
1266 1387 1358 1449 vitae

239 1472 320 1553 ejus,
344 1486 381 1537 et
411 1476 502 1557 quod
531 1476 594 1539 hoc
626 1496 705 1557 pure
735 1475 896 1539 Divinum
918 1479 973 1551 sit,
996 1486 1032 1540 et
1060 1496 1223 1559 nusquam
1249 1479 1361 1543 dabile

238 1568 336 1631 alicui
355 1568 501 1646 homini;
533 1569 615 1633 illud
637 1568 707 1633 tale
731 1569 889 1633 Divinum
912 1580 975 1645 est,
995 1581 1033 1634 ut
1055 1572 1100 1634 sit
1123 1571 1220 1635 simul
1240 1570 1360 1637 Omni·

239 1665 461 1743 praesentiae,
479 1662 742 1728 Omniscientiae
757 1675 792 1728 et
809 1663 1106 1747 Omnipotentiae3
1130 1676 1165 1729 et
1182 1667 1273 1749 quod
1290 1668 1360 1733 Re·

239 1755 397 1821 sormatio
411 1769 445 1821 et
463 1757 693 1839 Regeneratio
705 1759 860 1831 hominis,
874 1759 921 1822 ita
937 1758 1089 1823 Salvatio
1104 1758 1185 1840 ejus,
1198 1762 1242 1825 sit
1258 1782 1361 1826 omne

240 1850 383 1913 Divinae
406 1852 640 1915 Providentiae
669 1848 818 1925 Domini,
841 1853 946 1916 videri
976 1864 1091 1935 potest
1121 1856 1154 1917 in
1186 1854 1359 1936 Sapientia

239 1944 402 2026 Angelica
417 1947 457 2010 de
470 1946 598 2009 Diam
612 1946 840 2019 Providentia,
856 1967 876 2009 a
891 1948 1053 2030 principio
1069 1950 1111 2012 ad
1128 1948 1238 2013 finem.
1283 1950 1362 2033 lpse

239 2039 422 2105 Adventus
436 2041 571 2105 Domini
583 2042 617 2104 in
629 2041 790 2105 mundum
803 2042 863 2105 luit
877 2044 972 2106 unice
985 2053 1123 2125 propter
1134 2044 1359 2110 salvationem

240 2133 405 2213 hominis;
424 2145 562 2217 propter
571 2156 647 2199 eam
657 2137 837 2219 assumpsit
847 2135 1205 2211 Humanum,removit
1218 2139 1356 2215 inferna,

239 2239 275 2294 et
291 2229 492 2311 glorificavit
504 2229 559 2305 Se,
575 2241 610 2294 et
626 2230 733 2294 induit
746 2228 1040 2312 Omnipotentiam
1052 2234 1154 2295 etiam
1170 2234 1204 2295 in
1221 2234 1357 2309 ultimis,

239 2344 326 2407 quae
343 2323 545 2405 intelligitur
562 2345 621 2406 per
641 2325 785 2388 “sedere
804 2344 824 2387 a
846 2326 978 2388 dextris
997 2326 1088 2388 Dei.”
1133 2325 1222 2407 Quid
1242 2329 1359 2410 itaque

239 2420 495 2483 abominabilius
507 2429 570 2493 est,
581 2438 681 2502 quam
691 2419 836 2481 condere
849 2418 1067 2501 Religiosum,
1079 2440 1139 2501 per
1148 2420 1238 2502 quod
1248 2424 1358 2485 sanci·

240 2523 304 2587 tur,
318 2514 407 2595 qnod
424 2514 548 2577 Divina
562 2512 620 2577 illa
635 2522 788 2595 potestas
805 2524 840 2576 et
857 2515 1012 2595 potentia
1026 2516 1069 2576 sit
1086 2514 1222 2587 homini,
1240 2525 1274 2579 et
1291 2536 1359 2580 non

239 2608 383 2689 amplius
405 2608 575 2685 Domino;
599 2618 633 2671 et
651 2607 742 2690 quod
765 2609 932 2689 aperietur
950 2618 986 2671 et
1009 2607 1185 2672 claudetur
1206 2608 1357 2685 Caelum,

239 2703 343 2766 modo
365 2701 555 2767 Canonicus
577 2703 670 2778 dicit,
692 2701 885 2766 “Absolve'’
905 2703 959 2766 vel
984 2703 1296 2782 “excommunica’'
1323 2716 1359 2772 et

239 2799 329 2880 quod
348 2800 541 2861 remittatur
556 2807 733 2880 peccatum
751 2798 855 2860 etiam
875 2817 1023 2872 enorme,
1041 2798 1144 2862 modo
1162 2799 1253 2873 dicit,
1272 2799 1358 2863 “Re-

240 2891 361 2955 mitte’'
404 2889 491 2956 Sunt
507 2892 603 2956 multi
615 2892 740 2955 diaboli
755 2893 788 2954 in
805 2893 942 2966 mundo,
956 2893 1011 2974 qui
1027 2893 1069 2956 ad
1086 2893 1262 2956 evitandas
1276 2913 1358 2976 poe-

239 3007 301 3050 nas
316 2986 522 3070 temporales
536 2985 784 3050 absolutionem
802 3005 822 3048 a
840 2985 1007 3050 diabolico
1025 2986 1171 3051 facinore
1190 3007 1249 3068 per
1267 2997 1357 3052 artes

239 3091 276 3145 et
294 3082 385 3144 dona
400 3089 521 3163 petunt
538 3099 578 3144 ac
597 3081 764 3144 obtinent.
810 3079 895 3161 Quis
911 3091 982 3144 tam
998 3081 1133 3144 insanus
1150 3092 1264 3163 potest
1283 3103 1359 3148 esse

240 3186 277 3238 ut
306 3175 424 3238 credat
447 3174 537 3257 quod
567 3175 665 3238 detur
690 3183 845 3256 potestas
868 3175 1117 3238 intromittendi
1139 3170 1293 3238 diabolos
1323 3177 1358 3240 in

242 3268 393 3334 Caelum.

304 3362 412 3446 Supra
428 3360 475 3443 (n.
491 3377 555 3444 790
567 3362 610 3425 ad
626 3361 697 3443 fin.)
715 3359 841 3425 diiinm
857 3371 921 3435 est,
935 3361 1025 3444 quod
1040 3362 1186 3426 “Petrus
1194 3361 1209 3386 ”
1225 3383 1358 3445 reprae-

239 3459 424 3522 sentaverit
433 3457 608 3521 Ecclesiae
617 3475 733 3521 verum
743 3455 1037 3537 fidei,“Jac0bus”
1048 3455 1222 3520 Ecclesiae
1233 3457 1372 3521 bonum'

240 3553 426 3626 charitatis,
439 3560 474 3615 et
492 3549 713 3632 “johannes'’
724 3550 898 3614 hominum
911 3549 1086 3614 Ecclesiae
1098 3551 1310 3633 bonaopera,
1322 3563 1359 3616 et
1379 3585 1380 3592 ,

241 3646 331 3729 quod
347 3645 524 3709 duodecim
538 3645 699 3727 Apostoli
714 3644 811 3708 simul
827 3646 1155 3726 repraesentaverint
1168 3644 1358 3709 Ecclesiam

241 3741 352 3823 quoad
370 3741 484 3804 omnia
501 3739 591 3819 ejus;
614 3739 705 3822 quod
722 3739 781 3802 illa
798 3741 1136 3821 repraesentaverint,
1153 3749 1250 3821 patet
1268 3738 1359 3805 clare

242 3855 263 3897 a
280 3834 417 3897 Domini
435 3834 546 3898 verbis
564 3833 606 3896 ad
624 3833 710 3908 illos,
729 3833 819 3915 apud
835 3833 1046 3896 Matthaeum
1057 3856 1070 3896 .·

292 4007 311 4032 '⁶
318 4005 433 4070 Quando
450 4004 553 4055 sedebit
570 4003 651 4054 Filius
670 4002 797 4053 Hominis
809 4017 890 4066 super
904 4003 1015 4052 Throno
1027 4003 1127 4066 gloriae
1140 4003 1218 4062 Suae,
1232 3965 1361 4054 sedebitis

372 4071 453 4120 etiam
462 4085 511 4119 vos
519 4084 600 4132 super
608 4069 748 4119 duodecim
758 4069 861 4118 thronis
873 4068 1022 4132 judicantes
1031 4069 1172 4118 duodecim
1181 4069 1278 4118 Tribus
1290 4069 1361 4119 lsra-

372 4134 443 4186 elia”
451 4135 515 4198 (xlx.
526 4135 574 4193 2⁸:
591 4133 655 4186 Luc.
666 4135 730 4185 xxii.
740 4134 797 4195 sole

243 4323 302 4385 per
327 4322 413 4384 quae
438 4301 542 4364 verba
567 4319 637 4364 non
662 4299 754 4364 aliud
779 4297 960 4381 significari
986 4307 1113 4381 potest,
1141 4317 1242 4381 qnam
1267 4300 1358 4382 quod

244 4395 409 4459 Dominus
431 4395 639 4476 judicaturus
664 4395 709 4458 sit
734 4413 854 4458 omnes
880 4393 1064 4456 secundum
1094 4392 1184 4456 bona
1214 4403 1248 4456 et
1279 4414 1359 4458 vera

244 4489 441 4567 Ecclesiae3
475 4490 502 4551 si
525 4507 593 4552 non
616 4488 699 4552 haec
718 4486 989 4569 intelligerentur
1007 4506 1066 4569 per
1088 4486 1145 4549 illa
1163 4486 1276 4557 verba.
1296 4488 1357 4551 sed

245 4583 305 4666 ipsi
324 4581 496 4665 Apostoli,
513 4582 702 4664 potuissent
718 4600 837 4644 omnes
856 4582 889 4642 in
913 4600 1037 4663 magna
1058 4579 1150 4644 Urbe
1168 4579 1355 4662 Babylone,
