3384 5400
334 672 394 753 832
650 682 899 735 snocscrnsm
923 682 1134 735 navatam.

384 855 467 905 “Vae
478 854 536 905 urbi
548 854 718 918 sanguinum,
731 862 790 906 tota
801 852 946 903 Mendacio
958 862 985 903 et
996 854 1091 916 rapina
1102 850 1204 917 plena”
1216 850 1299 915 (Ναὶ.
1311 852 1349 901 iii.
1362 850 1404 913 ri:

384 921 444 971 “ln
465 920 602 984 prophetis
624 919 831 981 Hierosolymis
851 919 905 968 vidi
926 918 1142 968 obfirmationem
1161 919 1333 979 horrendam,
1352 918 1452 967 adulte·

463 987 550 1037 tando
560 997 588 1036 et
598 986 687 1035 eundo
704 986 733 1035 in
745 984 910 1035 Mendacio”
920 984 989 1062 (γαν.
1001 984 1074 1035 xxiii.
1087 986 1128 1047 14)
1139 998 1145 1045 ;

384 1054 402 1076 ‘⁸
410 1052 545 1115 Propheta
551 1066 634 1115 usque
642 1052 676 1100 ad
683 1051 858 1109 sacerdotem,
869 1051 954 1133 quivis
962 1049 1025 1099 iacit
1034 1048 1221 1099 Mendacium”
1229 1046 1451 1115 (Jerm.uiii.10);

382 1117 414 1167 ln
429 1117 529 1168 israele
542 1117 687 1166 “iecerunt
700 1115 870 1165 Mendacium
887 1114 893 1135 '
906 1116 1009 1174 (Hosch.
1020 1116 1064 1164 vii.
1079 1114 1117 1178 r);

384 1182 465 1233 ”Vos
476 1198 510 1232 ex
522 1193 597 1245 patre
610 1182 727 1231 Diabolo
737 1182 802 1230 estis
812 1196 818 1239 ;
836 1181 881 1230 ille
892 1180 1027 1231 homicida
1037 1180 1087 1230 iuit
1099 1182 1134 1230 ab
1146 1180 1232 1239 initio,
1243 1180 1305 1294 affluis
1316 1192 1372 1228 non
1385 1178 1451 1227 veri-

463 1259 504 1299 tas
521 1249 548 1299 in
558 1248 621 1304 i110;
638 1248 746 1311 quando
758 1246 875 1309 loquitur
888 1246 1068 1305 Mendacium,
1082 1262 1116 1295 ex
1128 1246 1242 1309 propriis
1264 1245 1380 1309 oquitur,
1392 1244 1452 1309 quia

464 1313 635 1365 Mendacium
647 1312 760 1376 loquens
771 1321 822 1371 est,
836 1323 864 1361 et
875 1323 951 1375 pater
963 1311 1021 1375 ejus
1030 1310 1044 1331 ''
1056 1312 1131 1377 (Joi.
1143 1312 1199 1363 viii.
1210 1311 1269 1373 44);

331 1467 385 1532 hic
405 1468 508 1531 etiam
527 1487 588 1548 per
606 1464 872 1529 '‘mendacium''
890 1464 1092 1547 intelligitur
1109 1463 1239 1528 salsum.

392 1573 490 1641 925.
518 1557 611 1621 “uisi
625 1556 680 1639 qui
689 1556 799 1637 scripti
815 1555 846 1617 in
867 1555 952 1619 iiico
968 1557 1045 1619 vitoe
1058 1556 1169 1638 ipsi,''
1183 1556 1351 1638 significat
1366 1556 1455 1639 quod

332 1672 395 1713 non
416 1650 481 1713 alii
499 1650 534 1713 in
556 1650 689 1713 Novam
706 1647 898 1725 Ecclesiam,
918 1658 1071 1731 quaeest
1092 1648 1191 1711 Nova
1207 1648 1449 1731 Hisrosolyma,

332 1735 548 1815 recipiantur,
571 1755 672 1817 quom
692 1733 754 1815 qui
771 1734 910 1796 credunt
935 1733 970 1795 in
992 1731 1181 1804 Dominum,
1204 1741 1236 1796 et
1257 1734 1377 1796 vr'vunt
1401 1754 1450 1796 se-

330 1829 471 1892 cundum
483 1837 666 1910 praecepta
683 1826 797 1908 Ipsius
815 1827 851 1889 in
877 1825 1139 1908 Verba-Quod
1157 1826 1240 1890 haec
1258 1827 1450 1909 significen-

331 1934 387 1987 tur
404 1944 464 2007 per
483 1930 587 1987 “esse
605 1924 768 2004 scriptum
788 1922 821 1984 in
845 1920 949 1985 Libro
967 1922 1088 1997 vitae,”
1106 1922 1260 1985 videatur
1278 1941 1380 2004 supra
1404 1920 1450 2005 (n.

332 2016 421 2101 874),
441 2019 560 2101 quibus
578 2017 631 2082 hic
651 2018 747 2099 plura
764 2016 909 2097 adjicere
928 2036 997 2079 non
1016 2036 1101 2099 opus
1119 2024 1183 2079 est.

331 2314 432 2397 926·
464 2315 527 2378 His
541 2315 694 2397 adjiciam
710 2314 774 2378 hoc
791 2314 1051 2377 MEMORABILE
1061 2333 1115 2375 :-

367 2459 496 2533 Quando
512 2460 542 2515 in
563 2460 768 2531 Explicatlone
785 2461 866 2529 capi·
954 2458 991 2513 Et
1013 2469 1085 2513 tunc
1103 2475 1181 2515 unus
1200 2474 1236 2513 ex
1260 2458 1317 2513 illis
1338 2474 1387 2513 me
1407 2458 1450 2513 vi·

331 2541 511 2613 tisvigesimi
521 2541 866 2603 eram,etmeditabarde
917 2539 991 2595 dens
1010 2538 1093 2601 dixit,
1108 2539 1186 2593 “Vis
1198 2539 1301 2593 videre
1314 2549 1448 2593 nostrum

331 2630 348 2651 ⁴·
357 2620 520 2686 Dracone,”
533 2620 684 2684 “Bestia''
700 2632 731 2675 et
750 2631 765 2649 ⁴·
775 2620 866 2675 Pseu·
918 2618 1041 2682 Fanum,
1053 2620 1151 2691 inquo
1161 2630 1207 2674 est
1221 2618 1325 2690 imago
1335 2636 1450 2690 reprae-

332 2703 545 2773 dopropheta.''
557 2703 695 2772 apparuit
709 2703 781 2756 mihi
800 2703 866 2772 qui·
916 2702 1064 2756 sentativa
1076 2712 1195 2756 nostrae
1211 2701 1320 2756 Fidei.”

332 2785 410 2846 dam,
420 2794 452 2838 et
461 2784 615 2853 quaesivit,
625 2781 728 2854 “Quid
740 2785 866 2837 medita·
947 2781 1450 2854 Accessietviditcteoceeratmag-

332 2864 398 2919 ris.”
430 2863 508 2926 Dixi,
516 2865 598 2934 quod
607 2865 667 2917 “de
677 2863 865 2933 Pseudopro·
917 2862 1047 2925 nilicum,
1060 2873 1091 2918 et
1110 2863 1140 2916 in
1160 2862 1259 2918 medio
1272 2863 1337 2934 ejus
1351 2864 1450 2935 imago

331 2943 449 3016 pheta.”
918 2943 1059 3007 Mulieris,
1071 2945 1192 3000 indutae
1205 2955 1289 3000 veste
1302 2945 1449 3007 coccinea,

367 3025 453 3080 'iuno
472 3024 520 3078 ille
538 3024 622 3085 dixit,
636 3023 815 3078 “Deducam
835 3035 866 3079 te
916 3039 951 3078 ac
969 3025 1100 3080 tenentis
1119 3025 1148 3078 in
1168 3025 1274 3078 dextra
1293 3041 1448 3080 nummum

331 3107 368 3162 ad
391 3107 499 3168 locum,
519 3105 568 3160 ubi
588 3106 629 3158 illi
652 3117 721 3160 sunt
739 3105 790 3175 qui
813 3122 867 3174 per
915 3121 1048 3167 aureum,
1067 3116 1098 3160 et
1120 3105 1149 3160 in
1171 3105 1292 3160 sinistra
1313 3118 1448 3160 catenam

332 3185 659 3256 ‘Pseudoprophetam’
696 3186 865 3256 intelligun-
916 3184 1140 3248 exunionibus;
1168 3185 1220 3240 sed
1240 3196 1325 3240 erant
1344 3197 1375 3241 et
1394 3186 1449 3241 Fa·

331 3267 406 3321 tur.”
444 3265 534 3328 Dixit,
545 3267 625 3334 quod
641 3266 730 3320 iidem
744 3266 804 3320 sint
813 3266 864 3336 qui
917 3281 988 3320 num
997 3276 1027 3320 et
1039 3265 1150 3337 imago,
1162 3264 1284 3320 inducia
1293 3283 1346 3336 ρετ
1356 3269 1449 3337 phan-

332 3335 487 3416 (caprili.)
496 3345 702 3416 intelliguntur
710 3355 784 3416 per“
794 3346 866 3401 Bes-
917 3347 1023 3402 tasias:
1042 3357 1167 3416 possunt
1179 3346 1259 3400 enim
1269 3348 1392 3417 spiritus
1405 3349 1449 3402 in-

330 3428 404 3482 tiam
418 3443 455 3482 ex
467 3427 566 3487 Terra,
575 3427 791 3497 quaehabebat
804 3428 866 3482 duo
916 3426 1042 3482 iernales
1064 3443 1117 3498 per
1141 3427 1312 3496 phantasias
1333 3445 1448 3500 reprae-

331 3524 443 3563 cornua
462 3507 571 3562 similia
592 3507 689 3578 tigno,
712 3518 743 3562 et
764 3509 866 3562 locuta
916 3518 1033 3562 sentare
1065 3507 1230 3579 magnifica,
1261 3508 1448 3564 occludendo

331 3586 604 3650 estsicutDraco.','
917 3587 1058 3643 interiora
1082 3589 1198 3651 mentis,
1224 3599 1255 3644 et
1286 3589 1448 3658 aperiendo

368 3667 494 3723 Secutus
503 3685 570 3722 sum
582 3668 673 3729 illum,
683 3678 714 3722 et
724 3684 792 3722 ecce
802 3668 863 3722 vidi
916 3668 1012 3724 solum
1025 3670 1172 3724 exteriora
1190 3669 1263 3739 ejus.
1300 3669 1360 3724 Sed
1379 3687 1446 3725 cum

330 3751 457 3809 turbam.
483 3749 514 3802 in
540 3749 627 3818 cujus
652 3749 754 3802 medio
780 3759 865 3803 erant
915 3749 1111 3804 animadverti
1130 3749 1212 3819 quod
1231 3749 1306 3806 tales
1325 3753 1448 3820 praesti·

331 3830 488 3891 antistites,
513 3830 565 3900 qui
590 3831 757 3883 docuerunt
782 3831 863 3899 quod
915 3829 980 3902 glae
995 3841 1102 3892 essent.
1116 3830 1198 3884 oravi
1216 3829 1253 3884 ad
1276 3831 1446 3895 Dominum,

331 3909 863 3980 nihilaliudsalvethominem,quam
915 3921 946 3965 et
971 3911 1070 3965 subito
1092 3921 1194 3980 aperta
1214 3921 1285 3965 sunt
1307 3912 1448 3968 interiora

332 3989 435 4052 Fides:
454 4000 484 4044 et
497 3992 577 4060 quod
592 3987 692 4059 Opera
704 3989 765 4044 sint
777 3991 863 4053 bona,
916 3991 1024 4046 mentis
1044 4007 1139 4052 meae:
1161 4001 1192 4046 et
1211 4002 1283 4046 tunc
1300 3992 1361 4046 vidi
1381 3993 1448 4048 loco

330 4071 384 4126 sed
409 4087 469 4125 non
494 4071 532 4124 ad
558 4071 703 4128 salutemr
726 4072 864 4140 et-quod
916 4071 1063 4143 magnifici
1084 4071 1155 4126 Fani
1169 4073 1292 4126 domum
1306 4073 1446 4128 rimosam

330 4166 425 4221 usque
438 4151 574 4206 docenda
586 4151 645 4205 sint
658 4167 694 4204 ex
708 4150 816 4212 Verbo,
830 4162 864 4204 ut
915 4168 933 4207 a
950 4150 1031 4206 teilo
1050 4167 1143 4222 usque
1162 4153 1199 4206 ad
1220 4153 1320 4214 imum,
1341 4154 1369 4206 in
1389 4169 1448 4224 qua

330 4231 405 4294 laici,
416 4230 561 4301 imprimis
569 4231 726 4302 simplices,
733 4229 864 4286 striiiius
915 4233 988 4286 nihil
1001 4233 1143 4294 cohaesit,
1157 4243 1188 4286 ct
1199 4233 1261 4286 vidi
1277 4234 1344 4287 loco
1359 4233 1447 4288 Muli-

331 4311 361 4365 in
374 4311 500 4366 vinculis
512 4311 701 4368 obedientiae
714 4328 785 4382 erga
802 4329 864 4366 ma·
915 4314 971 4368 eris
982 4314 1011 4367 in
1022 4313 1114 4368 domo
1125 4313 1173 4366 illa
1185 4315 1318 4384 pendens
1327 4314 1446 4369 simula-

329 4390 472 4462 gistratus
490 4402 657 4453 teneantur,
675 4407 711 4446 ac
728 4393 806 4447 sicut
827 4409 864 4448 ex
914 4410 1006 4455 crum,
1031 4393 1116 4464 cujus
1144 4404 1235 4463 caput
1261 4405 1325 4449 erat
1351 4395 1446 4450 simile

331 4471 483 4542 religione,
501 4472 543 4526 ita
561 4473 692 4534 interius,
705 4473 865 4544 adigantur
914 4473 1044 4535 draconi,
1066 4489 1174 4543 corpus
1199 4474 1277 4528 sicut
1301 4475 1394 4544 pardi,
1416 4485 1446 4529 et

330 4553 368 4604 ad
382 4551 557 4607 charitatem
570 4554 711 4608 moralem
725 4569 863 4609 exercen·
915 4554 1006 4624 pedes
1019 4555 1095 4608 sicut
1108 4554 1176 4615 ursi,
1192 4555 1232 4608 ita
1247 4555 1324 4609 sicut
1337 4556 1445 4610 descri-

331 4633 409 4687 dam.
915 4635 995 4688 bitur
1005 4642 1020 4663 ¹¹
1029 4633 1265 4690 BestiaeMari''
1275 4637 1444 4706 (Apoc.cap.
