3384 5400
392 663 457 745 694
711 678 958 729 aaocaurrsrs
981 680 1192 731 navatam.

394 846 515 928 ligioso
533 847 588 930 qui
607 847 639 910 in
656 848 753 911 malis
768 859 803 912 et
822 847 996 931 falsisejus
1012 860 1100 926 sunt,
1117 850 1252 933 quidem
1271 861 1348 935 post
1365 862 1497 917 mortem

393 942 426 1003 in
451 941 614 1004 Mundum
638 944 811 1024 spirituum
830 946 980 1018 veniunt,
999 944 1056 1007 ille
1078 947 1167 1008 enim
1191 946 1334 1009 mundus
1353 958 1405 1011 est
1422 950 1498 1012 sicut

394 1034 517 1098 Forum
541 1037 664 1118 inquo
689 1038 832 1118 primurn
859 1049 1111 1120 congregantur
1135 1058 1264 1114 omnes,
1288 1050 1323 1103 et
1347 1052 1400 1105 est
1422 1044 1499 1106 sicut

393 1127 610 1192 Ventriculus
622 1131 655 1193 in
665 1151 764 1212 quem
777 1151 895 1195 omnes
908 1133 972 1195 cibi
984 1134 1125 1214 primum
1137 1134 1345 1215 colliguntur
1356 1157 1364 1212 ;
1384 1139 1499 1200 ventri·

392 1221 486 1285 culus
509 1226 610 1287 etiam
635 1226 877 1307 correspondet
900 1228 953 1289 isti
977 1228 1122 1302 mundo:
1148 1239 1201 1291 ast
1225 1230 1335 1304 hodie,
1359 1233 1433 1312 quia
1454 1240 1500 1293 est

391 1328 470 1399 post
485 1317 653 1382 Ultimum
665 1318 840 1399 Judicium,
854 1321 944 1402 quod
960 1319 1133 1403 peractum
1149 1332 1201 1385 est
1215 1320 1320 1387 Anno
1339 1340 1426 1405 1757,
1440 1344 1499 1387 non

392 1413 588 1475 conceditur
610 1412 685 1488 illis,
709 1415 795 1477 sicut
817 1416 917 1496 prius,
941 1417 1062 1478 morari
1092 1417 1124 1478 in
1152 1416 1211 1480 illo
1229 1418 1365 1492 mundo,
1390 1428 1423 1481 et
1446 1418 1500 1480 sibi

392 1508 478 1569 sicut
491 1506 613 1570 Caelos
628 1508 790 1584 sormam
813 1510 873 1571 sed
891 1518 926 1572 ut
943 1511 1085 1590 primum
1101 1508 1178 1573 illuc
1191 1510 1333 1586 alluunt,
1347 1512 1500 1593 delegan-

392 1610 447 1663 tur
458 1602 501 1663 ad
517 1602 699 1665 societates
714 1602 757 1665 ibi
774 1605 908 1685 quaein
925 1601 1161 1684 conjunctione
1177 1614 1255 1668 sunt
1272 1624 1348 1667 curn
1364 1607 1500 1680 insemis‚

391 1696 425 1757 in
441 1716 527 1777 quae
542 1697 646 1759 etiam
662 1699 826 1779 pervices
842 1697 1083 1778 conjiciuntur3
1108 1708 1141 1761 et
1158 1699 1204 1761 sic
1222 1711 1437 1782 praecautum
1453 1712 1502 1763 est

391 1810 412 1851 a
435 1789 593 1863 Domino,
613 1810 655 1853 ne
677 1790 725 1853 illi
748 1792 890 1874 amplius
913 1810 1053 1873 usquam
1072 1794 1253 1874 apparituri
1276 1795 1344 1857 sint
1366 1794 1499 1875 angelis.

394 1882 470 1946 Hoc
494 1885 607 1967 itaque
629 1895 693 1959 est,
712 1886 803 1968 quod
825 1884 1035 1967 significatur
1058 1906 1117 1967 per
1139 1887 1230 1968 quod
1253 1888 1332 1951 urbs
1354 1886 1420 1962 illa,
1442 1889 1507 1957 hoc,

391 1988 456 2053 est,
474 1977 682 2061 Religiosum
698 1980 791 2054 illud,
806 1984 825 2011 ‘⁴
837 2000 905 2043 non
921 1980 1110 2043 invenietur
1125 1979 1297 2062 amplius.”
1341 1980 1502 2063 Quoniam

391 2092 451 2156 per
467 2073 644 2155 “lapidem
659 2073 821 2137 molarem
830 2074 845 2098 '⁹
861 2072 1068 2155 significatur
1083 2094 1198 2138 verum
1215 2074 1319 2138 Verbi
1337 2075 1502 2139 adultera·

392 2176 474 2242 tum,
494 2177 529 2230 et
548 2187 607 2250 per
626 2173 747 2232 “mare
755 2168 770 2193 ''
789 2167 970 2245 Internum,
989 2168 1066 2231 ideo
1085 2168 1166 2231 dicit
1186 2168 1360 2245 Dominus,

441 2328 520 2392 “Qui
537 2327 756 2378 scandalizaverit
766 2344 849 2378 unum
862 2343 1007 2391 parvorum
1020 2327 1183 2377 credentium
1201 2326 1228 2377 in
1246 2326 1301 2386 Me,
1314 2329 1421 2392 expedit
1437 2329 1459 2379 ei
1476 2340 1502 2378 ut

522 2395 700 2456 suspendatur
712 2394 788 2443 Mola
798 2394 916 2443 asinaria
932 2396 960 2443 in
978 2394 1077 2443 collum
1089 2393 1156 2456 ejus,
1170 2402 1197 2443 et
1215 2393 1385 2457 demergatur
1401 2395 1428 2443 ln
1445 2408 1502 2458 pro-

521 2460 633 2509 fundum
646 2460 750 2509 maris”
762 2460 870 2520 (Marta.
885 2460 957 2509 xviii.
971 2458 1005 2521 ⁶).

439 2523 553 2588 (Dicitur
567 2525 670 2588 “lapis
683 2526 792 2575 molaris
800 2526 814 2544 '¹
826 2526 912 2576 Marc.
926 2525 961 2575 ix.
975 2538 1024 2586 42;
1041 2524 1104 2575 Luc.
1117 2522 1181 2574 xvii.
1195 2522 1232 2587 a.)

391 2678 445 2744 De
464 2676 590 2742 Babele
608 2698 715 2762 paene
734 2676 841 2741 simile
860 2678 980 2742 dicitur
997 2677 1086 2760 apud
1106 2675 1315 2752 Jeremt’am:

442 2835 535 2884 “Cum
553 2835 701 2884 absolveris
718 2834 808 2896 legere
824 2834 921 2884 librum
939 2835 1018 2892 huuc,
1037 2833 1133 2896 ligabis
1150 2847 1308 2896 supereum
1327 2831 1461 2896 Lapldetu.
1477 2839 1502 2881 et

521 2901 645 2964 projicies
656 2915 718 2950 eum
731 2901 757 2948 in
771 2900 887 2949 medium
904 2899 1055 2962 Euphratis,
1069 2913 1100 2948 ac
1110 2899 1191 2958 dices,
1205 2899 1249 2948 Sic
1260 2900 1444 2962 submergetur
1457 2897 1501 2947 ua-

521 2967 572 3025 bel,
587 2981 636 3015 nec
648 2975 768 3028 resurget
775 2963 790 2984 ''
801 2966 839 3027 (li.
851 2966 891 3026 63,
903 2965 962 3028 64);

342 3148 347 3160 ·
391 3143 450 3204 per
486 3119 660 3183 “medium
696 3117 902 3200 Euphratis”
936 3116 1138 3201 intelligitur
1172 3117 1280 3181 simile
1315 3117 1406 3199 quod
1448 3135 1502 3198 per

392 3214 542 3291 “mare,”
564 3217 641 3296 quia
664 3213 857 3296 Euphrates
885 3212 1002 3277 fluvius
1029 3212 1234 3276 terminabat
1264 3221 1299 3276 et
1328 3212 1501 3294 separabat

391 3310 578 3390 Assyriam,
595 3310 649 3371 ubi
665 3317 737 3372 erat
755 3307 871 3382 Babel‚
889 3329 907 3370 a
927 3307 1032 3370 Terra
1048 3306 1219 3372 Canaane.

449 3414 545 3483 792.
570 3411 652 3477 [νινε.
666 3411 721 3477 aa]
747 3406 766 3434 ⁸
775 3399 813 3463 ft
826 3419 882 3462 m
894 3399 1141 3462 citharaedorum
1160 3403 1194 3460 et
1209 3396 1405 3469 musicorum,
1419 3401 1453 3459 el
1470 3395 1502 3457 ti·

390 3489 519 3554 ticinum
533 3496 567 3552 et
583 3490 822 3563 buccinator-um,
838 3507 897 3551 non
911 3489 1054 3551 audietur
1065 3489 1096 3550 in
1116 3494 1147 3550 te
1161 3487 1325 3568 ampliutl'
1339 3485 1500 3567 significat

389 3584 479 3665 quod
489 3583 584 3664 apud
597 3582 671 3645 illos
687 3603 749 3644 non
764 3583 830 3645 erit
843 3581 957 3663 aliqua
972 3581 1106 3663 affetla‘o
1119 3579 1194 3643 veri
1207 3588 1240 3642 et
1256 3579 1334 3642 boni
1345 3577 1501 3659 spin'tua·

389 3678 444 3752 lis,
464 3699 518 3740 nec
538 3677 669 3760 affefflrb
690 3677 815 3740 veriet
836 3676 913 3739 boni
933 3675 1090 3740 caelestis.
1135 3675 1197 3738 Per
1216 3680 1365 3737 “vocem
1373 3674 1387 3698 '⁸
1405 3673 1502 3735 intel·
1614 3753 1615 3756 Ἴ

390 3772 505 3853 ligitur
522 3791 635 3843 sonus.
655 3781 690 3834 et
714 3772 823 3834 omnis
845 3789 947 3833 sonus
970 3769 1212 3852 correspondet
1235 3765 1402 3831 affectioni
1420 3786 1501 3849 quae

390 3867 523 3939 amoris,
537 3867 695 3948 quoniam
709 3865 786 3927 inde
799 3866 912 3928 oritur.
957 3863 1013 3927 Ex
1027 3885 1068 3927 eo
1081 3873 1144 3936 est,
1155 3863 1245 3944 quod
1259 3864 1331 3925 soni
1345 3861 1499 3930 citharae,

391 3962 545 4035 musices,
569 3961 681 4034 tibiae,
701 3981 745 4022 ex
769 3959 1068 4041 correspondentia
1090 3956 1279 4039 significent
1302 3953 1499 4019 affestiones.

390 4053 458 4118 Sed
477 4052 672 4117 affectiones
690 4063 768 4116 sunt
786 4053 929 4135 duplicis
947 4054 1090 4135 generis,
1111 4051 1300 4134 spirituales
1319 4059 1355 4113 et
1377 4048 1497 4112 caeles·

389 4162 465 4227 tes;
500 4146 693 4212 affectiones
717 4146 907 4229 spirituales
929 4157 1007 4210 sunt
1034 4144 1228 4210 affectiones
1251 4145 1445 4226 sapientiae,
1466 4150 1498 4203 et

389 4241 583 4307 affectiones
599 4242 764 4306 caelestes
780 4252 859 4305 sunt
872 4239 1066 4305 affectiones
1081 4241 1223 4305 amoris:
1248 4239 1403 4302 differunt
1418 4239 1498 4300 inter

390 4360 427 4402 se
453 4338 737 4422 quemadmodum
767 4335 872 4410 Caeli,
895 4338 952 4418 qui
981 4335 1070 4418 quod
1100 4330 1250 4398 distincti
1280 4335 1347 4396 sint
1377 4335 1411 4396 in
1439 4331 1499 4393 duo

390 4433 522 4515 Regna,
542 4432 690 4496 caeleste
711 4441 745 4494 et
769 4431 951 4513 spirituale,
971 4451 1070 4513 supra
1092 4429 1269 4511 aliquoties
1293 4428 1421 4490 dictum
1442 4437 1498 4488 est.

390 4527 475 4591 Sunt
498 4529 612 4610 itaque
634 4527 859 4590 instrumenta
882 4527 1017 4599 musica,
1041 4542 1181 4606 quorum
1204 4523 1278 4586 soni
1301 4541 1337 4584 se
1360 4521 1498 4584 referunt

389 4623 432 4686 ad
451 4619 646 4686 affedtiones
664 4619 863 4702 spirituales,
881 4629 915 4683 et
932 4627 1009 4682 suut
1025 4637 1111 4701 quae
1129 4637 1165 4681 se
1180 4615 1326 4680 referunt
1345 4615 1388 4679 ad
1406 4612 1499 4678 allec·
