3384 5400
380 715 444 781 806
703 728 950 781 seocnuuusm
973 728 1182 781 navatam.

380 900 450 963 tiae
469 898 586 982 Ipsius.
632 895 733 981 Quod
755 899 789 963 in
808 899 949 982 singulis
968 898 1072 964 Verbi
1097 901 1140 963 sit
1164 898 1289 965 Sensus
1307 899 1494 983 spiritualis.

379 996 414 1057 in
432 1015 500 1077 quo
518 1004 596 1058 sunt
614 993 738 1075 angeli,
758 1005 793 1058 et
815 1015 837 1058 a
854 1016 921 1077 quo
940 1004 991 1058 est
1012 996 1176 1077 sapientia
1195 994 1337 1068 illorum,
1354 1004 1390 1059 et
1409 998 1495 1077 quod

380 1089 532 1153 Verbum
551 1090 759 1154 transluceat
782 1109 827 1153 ex
852 1087 926 1153 luce
947 1089 1034 1153 illius
1052 1088 1178 1153 Sensus
1196 1091 1286 1172 apud
1308 1090 1384 1154 illos
1402 1092 1458 1172 qui
1478 1112 1497 1153 a

382 1183 530 1248 Domino
552 1185 585 1245 in
608 1184 763 1265 genuinis
785 1185 873 1247 veris
896 1194 985 1259 sunt,
1005 1186 1038 1246 in
1060 1184 1224 1247 Doilrina
1245 1184 1361 1247 Novae
1378 1184 1496 1247 Hiero·

380 1278 524 1357 solymae
557 1278 598 1341 de
632 1277 809 1358 Scriptura
841 1276 949 1341 Sacra
980 1289 1155 1343 ostensum
1188 1290 1251 1343 est.
1306 1277 1407 1361 Quod
1442 1300 1497 1360 per

381 1373 556 1456 “gloriam
587 1370 674 1436 Dei'’
695 1373 906 1453 intelligatur
929 1373 1079 1437 Verbum
1108 1376 1142 1436 in
1172 1393 1232 1437 sua
1261 1373 1384 1437 Divina
1414 1373 1496 1447 luce,

382 1480 540 1533 constare
559 1478 675 1551 potest
693 1488 738 1532 ex
757 1468 809 1531 his
828 1467 930 1531 iocis:

432 1616 576 1666 “Verbum
593 1614 665 1683 Caro
681 1613 782 1666 {adium
800 1625 850 1675 est,
870 1625 896 1665 et
914 1616 1029 1666 vidimus
1048 1615 1169 1667 Gloriam
1191 1615 1278 1681 Ipsius
1295 1616 1363 1666 sicut
1380 1614 1496 1665 Gloriam

514 1681 653 1744 Unigeniti
664 1697 681 1731 a
694 1680 794 1732 Patre”
805 1682 881 1747 (Joh.
893 1682 911 1732 i.
925 1682 964 1745 14)
974 1698 979 1741 ;

381 1836 471 1925 quod
491 1857 550 1919 per
570 1836 740 1918 “gloriam
748 1836 763 1862 ”
782 1834 994 1915 intelligatur
1011 1836 1119 1920 gloria
1137 1836 1244 1901 Verbi
1262 1857 1321 1900 seu
1339 1836 1496 1900 Divinum

382 1930 511 1995 Verum
541 1932 575 1994 in
605 1930 696 2013 Ῑρεο,
727 1940 834 2013 patet,
865 1932 1022 2013 quoniam
1052 1932 1174 1994 dicitur
1200 1932 1380 1995 “Verbum
1411 1930 1497 1995 Caro

381 2022 506 2089 factum
526 2036 580 2088 est
592 2026 618 2087 :”
636 2024 744 2089 simile
763 2045 822 2107 per
842 2025 1013 2107 “gloriam
1022 2026 1037 2051 ”
1053 2026 1252 2107 intelligitur
1275 2028 1307 2089 in
1327 2029 1496 2109 sequenti·

381 2120 454 2195 bus,
473 2120 529 2183 ubi
551 2120 681 2194 dicitur,
707 2119 852 2183 “Gloria
876 2120 938 2184 Dei
961 2119 1140 2184 illustravit
1163 2120 1266 2194 illam,
1286 2129 1321 2185 et
1344 2120 1497 2185 Lucerna

381 2211 451 2296 ejus
469 2213 592 2296 Agnus
600 2212 615 2237 ”
636 2212 736 2297 (vers
756 2215 823 2296 23).
867 2212 983 2278 Simile
1001 2214 1202 2297 intelligitur
1219 2236 1279 2297 per

429 2361 549 2412 Gloriam
567 2361 595 2411 in
608 2376 660 2425 qua
670 2361 753 2411 visuri
765 2371 829 2411 suut
847 2360 942 2411 Filium
956 2361 1082 2412 Hominis
1094 2362 1201 2427 quando
1213 2373 1341 2413 venturus
1352 2372 1394 2413 est
1412 2364 1438 2413 in
1451 2378 1498 2413 nu·

512 2428 590 2477 bibus
602 2427 677 2477 Caeli
688 2427 796 2489 (Manli.
808 2428 880 2478 xxiv.
895 2441 942 2489 30;
959 2429 1045 2478 Mm.
1059 2429 1113 2479 xiii.
1126 2430 1208 2495 261¹l);

382 2582 552 2668 (videatur
569 2605 679 2668 supra,
699 2606 730 2648 n.
750 2582 820 2659 225¹¹
834 2584 907 2664 642,
928 2584 1024 2668 820;)
1049 2605 1110 2649 nec
1129 2585 1219 2649 aliud
1238 2607 1297 2668 per

429 2737 567 2788 Thronum
580 2736 687 2786 Gloriae
699 2751 780 2799 super
791 2751 843 2800 quo
855 2737 958 2786 sedebit
970 2736 1102 2787 Dominus
1113 2751 1173 2788 cum
1186 2746 1315 2787 venturus
1326 2747 1368 2788 est
1384 2739 1418 2789 ad
1431 2738 1497 2790 Ulti-

511 2817 585 2852 mum
597 2802 729 2867 Judicium
741 2803 849 2864 (Marri.
861 2817 923 2854 xxv.
936 2801 993 2866 31);

380 2949 457 3032 quia
475 2946 682 3030 judicaturus
708 2956 761 3011 est
791 2947 1047 3031 unumquemvis
1069 2947 1252 3010 secundum
1279 2967 1359 3010 vera
1381 2945 1494 3016 Verbi.

380 3063 482 3125 quare
512 3044 615 3106 etiam
645 3045 777 3118 dicitur,
801 3044 891 3126 quod
916 3049 1108 3106 “venturus
1138 3044 1181 3105 sit
1211 3043 1244 3104 in
1274 3043 1382 3123 gloria
1404 3041 1496 3106 Sua.''

381 3137 527 3220 Quando
547 3138 712 3202 Dominus
731 3138 988 3202 transformatus
1006 3147 1070 3212 est,
1090 3139 1193 3200 etiam
1212 3137 1334 3200 dicitur
1351 3139 1440 3220 quod

543 3301 637 3353 Moses
648 3311 675 3352 et
687 3301 760 3352 Elias
774 3302 851 3352 “visi
862 3301 918 3352 sint
929 3301 957 3351 in
970 3301 1063 3350 Gloria
1070 3299 1085 3321 ”
1094 3301 1167 3363 (Luc.
1179 3301 1213 3350 ix.
1226 3313 1265 3361 30.
1278 3299 1335 3362 31);

379 3451 439 3514 per
455 3431 604 3495 “Mosen
621 3443 656 3496 et
672 3430 807 3494 Eliam”
822 3429 1029 3513 significatur
1044 3431 1089 3494 ibi
1105 3428 1275 3507 Verbum;
1300 3428 1377 3512 lpse
1393 3431 1494 3495 etiam

380 3527 545 3590 Dominus
560 3537 640 3592 tunc
660 3528 753 3591 dedit
773 3525 817 3590 Se
834 3525 1016 3588 videndum
1036 3544 1148 3588 coram
1165 3524 1334 3607 discipulis
1353 3536 1391 3588 ut
1410 3525 1494 3590 Ver·

378 3623 458 3686 bum
471 3623 503 3685 in
516 3621 623 3704 gloria
636 3621 716 3686 Sua:
733 3621 823 3705 quod
837 3627 856 3652 “
866 3619 998 3684 Gloria”
1008 3619 1174 3701 significet
1188 3619 1345 3684 Divinum
1357 3619 1493 3692 Verum.

378 3716 557 3780 videantur
579 3717 674 3798 plura
695 3737 741 3780 ex
761 3715 878 3780 Verbo
901 3734 1000 3795 supra
1025 3715 1072 3797 (n.
1090 3713 1179 3796 629).
1224 3713 1324 3796 Quod
1345 3711 1493 3780 Verbum

378 3821 593 3893 comparetur
624 3810 754 3893 “lapidi
784 3809 1027 3892 pretiosissimo
1056 3819 1217 3892 tanquam
1247 3808 1349 3891 lapidi
1376 3808 1494 3892 jaspidi

377 3905 484 3969 instar
500 3904 651 3985 crystalli
667 3903 889 3988 splendenti,'’
901 3915 954 3967 est
970 3903 1047 3986 quia
1060 3903 1172 3986 “lapis
1188 3905 1354 3986 pretiosus
1361 3903 1377 3928 ”
1393 3906 1493 3988 signi·

378 3997 458 4062 ficat
488 4001 647 4063 Divinum
677 3999 805 4064 Verum
837 3999 941 4062 Verbi
975 3996 1021 4080 (n.
1053 4015 1124 4078 231,
1146 4012 1216 4078 540,
1235 3997 1308 4077 726,
1329 3997 1427 4080 823);
1461 4011 1492 4062 et

379 4095 492 4176 “lapis
514 4094 640 4177 jaspis”
663 4093 829 4176 significat
856 4093 1014 4156 Divinum
1042 4092 1170 4156 Verum
1197 4092 1301 4156 Verbi
1328 4093 1361 4155 in
1388 4091 1493 4156 Sensu

378 4189 495 4253 literae
509 4190 719 4253 translucens
731 4208 776 4252 ex
791 4188 916 4253 Divino
928 4186 1021 4251 Vero
1034 4187 1066 4250 in
1080 4185 1187 4250 Sensu
1199 4187 1372 4269 spirituali.
1418 4186 1491 4250 Hoc

377 4283 584 4366 significatur
602 4303 661 4366 per

512 4431 665 4495 “Lapidem
677 4429 837 4496 jaspidem.''
848 4431 932 4483 Exod.
944 4431 1034 4483 xxviii.
1047 4443 1094 4492 203
1111 4429 1202 4482 Erech.
1213 4430 1304 4481 xxviii.
1317 4441 1363 4493 13;

376 4585 460 4651 etin
476 4585 695 4669 sequentibus
710 4585 743 4649 in
759 4586 824 4652 hoc
840 4587 963 4669 capite,
976 4587 1031 4650 ubi
1047 4586 1177 4661 dicitur,
1194 4585 1285 4669 quod
1299 4581 1491 4649 “strud'tura

375 4680 483 4744 muri”
501 4679 640 4746 sanctae
663 4681 924 4765 Hierosolymae
946 4691 1036 4747 esset
1058 4681 1186 4764 “jaspis
1194 4680 1210 4706 ”
1229 4679 1332 4764 (vers.
1356 4679 1428 4763 18);
1457 4689 1490 4742 et
