3384 5400
587 640 668 692 CAP.
684 636 1053 691 XX.-MEMORAB1LE.
1315 634 1379 705 779

259 813 331 886 quia
347 812 517 869 sentiuntur
533 810 572 865 ab
593 808 645 864 illo
666 807 745 863 sicut
762 806 792 861 in
843 805 1037 876 procedensa
1050 803 1189 867 Domino,
1200 821 1277 877 quae
1287 805 1377 860 etiam

260 896 321 957 illo,
343 894 510 965 procedunt
532 891 623 947 etiam
653 890 732 945 sicut
755 890 793 943 ab
843 897 969 941 vocatur
990 885 1118 956 Spiritus
1140 885 1204 949 Dei,
1225 886 1256 940 in
1277 886 1378 943 Verbo

261 976 320 1031 illo.
358 973 448 1046 Quod
461 973 504 1027 ita
512 971 726 1027 sentianturab
739 970 794 1024 ho·
844 966 974 1037 Spiritus
993 964 1128 1029 Sanetus.
1147 966 1185 1021 de
1203 982 1265 1038 quo
1286 967 1377 1022 etiam

260 1056 349 1118 mine,
369 1057 473 1110 datum
491 1063 577 1109 esta
598 1052 738 1112 Domino,
758 1060 793 1105 ut
843 1047 954 1101 dicitur
962 1046 1044 1118 quod
1058 1046 1186 1101 illustret
1198 1056 1229 1100 et
1237 1046 1378 1109 vivificet,

261 1137 290 1191 id
309 1136 391 1207 quod
410 1135 516 1197 induit,
528 1132 638 1189 afficiat
656 1133 747 1193 illum,
761 1141 793 1185 et
844 1129 906 1183 imo
925 1128 1007 1199 quod
1030 1139 1171 1200 operetur
1187 1128 1218 1183 in
1239 1127 1378 1192 homine;

260 1218 303 1273 sic
315 1216 476 1287 recipiatur
492 1225 524 1270 et
535 1223 695 1271 remaneat.
732 1211 792 1267 Sed
843 1210 896 1265 sed
908 1210 972 1264 vita
990 1209 1064 1264 haec
1075 1209 1207 1264 variatur
1217 1220 1249 1265 et
1261 1210 1378 1265 modifi-

259 1298 330 1369 quia
342 1313 432 1353 omne
450 1296 562 1351 nudum
577 1294 668 1349 etlam
687 1293 792 1354 influit,
843 1300 929 1345 catur
941 1290 1104 1345 secundum
1124 1290 1377 1361 organisationem

260 1394 320 1434 non
333 1394 352 1433 a
365 1377 431 1431 Deo
439 1376 492 1432 sed
505 1377 543 1431 ab
554 1374 682 1437 lnierno,
692 1386 723 1428 et
735 1374 794 1429 hoc
844 1369 997 1425 induciam
1016 1370 1131 1425 homini
1151 1386 1203 1441 per
1214 1372 1279 1442 ejus
1295 1388 1379 1427 amo·

260 1458 401 1529 recipitur
421 1472 489 1512 cum
508 1456 704 1526 jucunditate,
723 1454 794 1525 quia
843 1468 906 1507 rem
914 1449 1114 1523 etaspetlum.
1147 1451 1377 1507 Potestisetiam

260 1539 353 1593 homo
372 1538 433 1592 tale
458 1552 603 1608 organum
627 1546 674 1590 est
697 1545 792 1597 natus,
843 1532 1012 1603 scirequod
1028 1533 1248 1587 omnebonum
1268 1534 1379 1589 amoris

259 1634 351 1690 quare
369 1633 431 1673 non
450 1618 517 1687 plus
534 1616 606 1671 boni
623 1614 764 1687 recipitur
775 1632 794 1671 a
843 1624 875 1669 et
887 1612 1042 1669 charitatis
1059 1622 1091 1668 et
1108 1628 1199 1668 omne
1211 1628 1315 1669 verum
1332 1630 1379 1669 sa·

262 1700 334 1761 Deo.
359 1714 450 1769 quam
474 1706 621 1770 quantum
651 1696 721 1751 mali
748 1713 794 1752 re·
845 1694 975 1765 pientiae
987 1704 1019 1750 et
1036 1694 1106 1750 fidei
1126 1694 1260 1759 influant,
1273 1706 1378 1751 etnon

260 1789 399 1835 movetur
408 1779 446 1833 ab
459 1778 581 1833 homine
590 1778 668 1833 sicut
676 1778 714 1832 ab
728 1777 794 1842 illo;
844 1775 905 1831 sint
920 1775 951 1831 in
969 1775 1100 1840 homine,
1112 1793 1150 1831 ex
1168 1792 1213 1839 eo,
1226 1778 1307 1848 quod
1326 1778 1378 1849 qui

260 1861 341 1932 quod
359 1860 394 1915 fit
412 1876 465 1930 per
475 1857 687 1929 paenitentiam
706 1867 737 1913 et
754 1858 794 1913 si·
844 1856 958 1927 cogitat
978 1858 1061 1927 quod
1085 1857 1145 1913 tale
1167 1858 1282 1913 homini
1308 1858 1379 1914 insit

260 1942 322 1996 mul
354 1957 406 2011 per
436 1940 527 1994 iidem
557 1939 589 1993 in
619 1938 794 1994 Dominum.
843 1937 1021 1993 acreatlone
1029 1952 1090 1993 non
1100 1939 1195 2009 possit
1203 1940 1379 2011 alitercogi·

261 2021 349 2093 Quod
362 2023 447 2076 rimor
455 2031 487 2075 et
499 2019 653 2090 sapientia,
663 2019 794 2075 charitas
843 2026 908 2073 tare
926 2034 1016 2089 quam
1033 2020 1116 2088 quod
1136 2018 1218 2075 Deus
1236 2019 1379 2075 inluderit

260 2113 291 2157 et
302 2102 385 2165 fides,
398 2118 451 2156 seu
463 2101 653 2157 communius
669 2100 794 2171 loquen-
844 2098 884 2153 Se
903 2098 1026 2161 homini,
1039 2110 1070 2154 et
1083 2100 1128 2154 sic
1140 2101 1221 2171 quod
1241 2102 1379 2158 homines

260 2184 308 2245 do,
326 2184 438 2237 bonum
457 2181 569 2237 amoris
588 2190 619 2236 et
638 2180 794 2235 charitatis
844 2179 944 2250 quoad
963 2190 1077 2250 partem
1094 2180 1194 2235 forent
1207 2180 1272 2245 Dii;
1291 2192 1322 2238 et
1334 2192 1379 2237 ta-

259 2278 410 2318 acverum
427 2262 591 2333 sapientiae
609 2271 642 2317 et
658 2260 736 2323 fidei,
750 2260 794 2315 in·
845 2276 913 2313 men
935 2260 987 2330 qui
1012 2260 1071 2315 hoc
1095 2276 1132 2315 ex
1154 2260 1213 2317 fide
1234 2264 1378 2335 cogitant.

260 2344 362 2406 fluant,
386 2353 418 2397 et
446 2342 528 2413 quod
558 2358 635 2413 quae
665 2342 795 2397 inlinunt
845 2339 1044 2396 fiuntdiaboli
1063 2350 1094 2396 et
1113 2352 1220 2412 putent
1238 2343 1317 2398 sicut
1330 2360 1379 2399 ca·

259 2433 420 2494 appareant
433 2424 463 2477 in
477 2422 598 2477 homine
606 2422 685 2477 sicut
697 2422 728 2477 in
741 2423 794 2478 illo
844 2422 961 2477 davera.
1015 2420 1178 2485 Praeterea,
1203 2424 1275 2495 quid
1299 2422 1379 2481 attio

259 2515 290 2559 et
310 2505 380 2559 inde
399 2504 477 2560 sicut
495 2505 534 2558 ab
555 2504 615 2566 illo.
636 2503 794 2559 manileste
845 2502 976 2557 hominis
994 2502 1051 2557 nisi
1071 2518 1154 2559 mens
1171 2520 1277 2575 agens:
1295 2507 1378 2577 quod

259 2585 353 2640 videri
364 2584 589 2655 potestexvisu
597 2585 710 2648 auditu,
718 2585 794 2640 odo-
844 2582 925 2638 enim
945 2576 1112 2638 mens'vult
1130 2595 1161 2639 et
1179 2586 1301 2657 cogitat,
1320 2588 1379 2642 hoc

260 2677 334 2729 ratu,
344 2677 433 2738 gustu
447 2676 479 2722 et
489 2664 588 2730 tatlm
605 2666 708 2721 omnia
716 2682 793 2737 quae
844 2664 907 2735 agit
925 2680 1098 2735 percorpus
1116 2680 1202 2721 suum
1218 2681 1379 2739 organum:

261 2748 290 2801 in
310 2747 428 2803 illorum
440 2763 581 2802 sensuum
594 2747 714 2819 organis
724 2763 793 2802 sen·
844 2760 935 2815 quare
954 2760 1021 2799 cum
1042 2761 1125 2801 mens
1144 2748 1262 2802 ducitur
1279 2765 1297 2804 a
1317 2748 1378 2804 Do·

259 2829 382 2891 tiuntur,
391 2828 673 2890 influuntebextra,
683 2838 714 2883 et
725 2845 793 2884 sen·
845 2827 935 2888 mino
961 2825 1081 2880 ducitur
1103 2827 1193 2881 etiam
1219 2827 1314 2892 attio:
1344 2847 1379 2886 ac

260 2909 376 2963 tiuntur
387 2908 418 2962 in
432 2907 506 2971 illis:
522 2908 660 2963 similiter
678 2909 708 2962 in
725 2925 793 2963 sen·
845 2922 929 2961 mens
941 2916 972 2961 et
986 2907 1055 2962 inde
1067 2905 1147 2962 attio
1156 2909 1275 2963 ducitur
1287 2926 1305 2965 a
1318 2911 1379 2966 Do·

260 3004 346 3043 auum
367 2987 552 3044 intemorum
573 2989 791 3060 organistam
844 2986 926 3041 mino
950 3003 1018 3041 cum
1048 2987 1181 3042 creditur
1207 2989 1237 3043 in
1269 2989 1379 3060 Ipsum.

259 3070 324 3124 sola
346 3067 523 3132 differentia,
547 3071 629 3139 quod
658 3069 688 3124 in
719 3069 794 3125 haec
844 3066 909 3122 Nisi
931 3067 972 3121 ita
991 3067 1076 3131 loret,
1097 3069 1188 3124 dicite
1208 3070 1233 3124 si
1253 3072 1379 3141 potestis

260 3147 386 3203 influant
397 3147 563 3219 spiritualia
573 3165 651 3220 quae
668 3165 728 3205 non
741 3167 793 3221 ap-
842 3163 896 3202 cur
915 3146 1062 3203 Dominus
1082 3149 1111 3203 in
1130 3149 1231 3204 Verbo
1250 3151 1330 3206 mille
1349 3164 1380 3206 et

260 3239 372 3298 parent.
394 3228 425 3283 in
451 3229 501 3284 illa
520 3241 622 3284 autem
647 3231 793 3286 naturalia
843 3228 925 3282 mille
939 3228 967 3282 in
982 3228 1055 3284 locis
1069 3230 1230 3294 mandavit,
1240 3241 1274 3285 ut
1287 3231 1379 3287 homo

259 3324 335 3379 quae
364 3319 517 3379 apparent
565 3309 674 3373 Verbo,
699 3311 792 3367 homo
842 3319 994 3364 amaturus
1005 3309 1044 3364 sit
1054 3310 1231 3380 proximum,
1241 3321 1380 3380 operatu-

260 3401 304 3446 est
328 3406 473 3462 organum
499 3391 644 3462 recipiens
667 3392 747 3448 vitae
774 3409 793 3449 a
843 3406 893 3446 rus
905 3389 944 3444 sit
962 3391 1214 3454 bonacharitatis,
1227 3407 1262 3446 ac
1275 3389 1380 3462 [latiu-

262 3469 342 3533 De03
360 3483 580 3542 consequenter
591 3483 638 3526 est
647 3473 792 3543 recipiens
843 3487 893 3525 rus
914 3471 963 3540 sit]
988 3469 1101 3526 {ruilus
1126 3472 1203 3527 sicut
1226 3473 1322 3535 arbor,
1345 3489 1379 3529 ac

261 3551 340 3614 boni,
358 3562 505 3622 quantum
527 3553 645 3608 desistit
664 3569 684 3608 a
704 3555 792 3609 malo.
843 3548 974 3606 tacturus
991 3551 1031 3606 sit
1049 3563 1214 3622 praecepta.
1228 3562 1259 3608 et
1277 3553 1336 3608 hoc
1347 3566 1379 3608 et

262 3629 354 3688 Posse
365 3633 509 3687 desistere
526 3649 545 3688 a
563 3634 642 3688 malo
659 3633 712 3688 dat
732 3634 793 3690 Do-
844 3631 926 3693 illud,
939 3641 974 3685 ut
985 3632 1129 3696 salvetur;
1148 3643 1212 3687 tum
1230 3649 1282 3688 cur
1294 3635 1378 3696 dixit.

260 3713 358 3768 minus
379 3712 474 3768 cuivis
498 3713 622 3776 homini,
646 3715 718 3784 quia
740 3715 794 3769 dat
842 3713 924 3782 quod
944 3713 1036 3767 homo
1049 3713 1212 3768 secundum
1232 3713 1310 3770 ladio
1326 3731 1378 3770 seu

259 3794 335 3848 velle
348 3803 381 3848 et
398 3792 564 3864 intelligere
575 3795 654 3849 sicut
665 3810 684 3849 a
695 3811 744 3857 se;
762 3805 793 3850 et
843 3809 935 3862 opera
946 3793 1135 3863 judicaretur,
1147 3794 1200 3865 qui
1217 3797 1297 3850 bona
1308 3793 1379 3851 iecit

259 3873 401 3945 quicquid
420 3874 513 3928 homo
530 3890 568 3928 ex
584 3875 741 3931 voluntate
759 3887 794 3930 ut
842 3874 880 3928 ad
899 3873 1021 3929 Caelum
1033 3885 1065 3930 et
1077 3876 1178 3939 vitam,
1191 3886 1222 3930 et
1234 3877 1285 3947 qui
1302 3877 1380 3931 mala

260 3969 313 4009 sua
342 3954 507 4009 secundum
545 3953 728 4009 intelledium
759 3967 794 4010 ut
843 3953 914 4009 iecit
938 3955 975 4009 ad
1008 3954 1160 4010 infernum
1186 3964 1217 4010 et
1241 3968 1378 4012 mortem.

260 4050 356 4096 suum.
371 4051 424 4090 seu
441 4034 524 4105 quod
543 4035 632 4098 idem,
650 4036 791 4107 quicquid
843 4033 1006 4106 Quomodo
1019 4045 1157 4106 potuerat
1175 4034 1322 4092 Dominus
1333 4048 1378 4092 ta-

260 4130 295 4170 ex
312 4115 407 4170 libero
419 4115 500 4185 quod
512 4115 676 4172 voluntatis
688 4133 793 4172 secun-
843 4116 883 4170 lia
898 4116 988 4187 loqui.
1002 4117 1026 4171 si
1039 4131 1129 4171 omne
1141 4118 1223 4187 quod
1242 4117 1378 4187 procedit

260 4196 331 4250 dum
351 4195 497 4251 rationem
517 4211 594 4266 quae
614 4195 791 4261 intelletlus,
842 4197 880 4250 ab
902 4196 1024 4251 homine
1045 4195 1123 4251 foret
1141 4197 1326 4251 meritorium
1346 4207 1378 4251 et

259 4277 329 4348 agit,
343 4277 402 4331 lsoc
413 4287 575 4346 permanet
613 4276 671 4332 Per
683 4277 713 4332 id
730 4277 792 4333 Do·
842 4275 1039 4331 indemalum.
1065 4275 1171 4332 Sciatis
1180 4277 1376 4349 itaquequod

260 4356 358 4411 minus
388 4356 503 4412 inducit
533 4357 648 4412 homini
678 4367 790 4414 statum
842 4357 867 4412 si
881 4373 965 4412 mens
980 4366 1026 4412 est
1038 4357 1175 4420 charitas,
1189 4358 1278 4412 etiam
1298 4355 1377 4412 adiio

260 4435 480 4507 conjunctionis
498 4435 614 4500 Secum,
633 4447 664 4492 et
682 4439 712 4492 in
733 4439 791 4493 hoc
841 4437 881 4492 sit
898 4437 1040 4500 charitas;
1066 4437 1090 4492 si
1109 4447 1209 4492 autem
1230 4451 1313 4491 mens
1331 4448 1377 4490 est

262 4515 343 4571 illum
355 4516 507 4580 reformat,
519 4529 680 4589 regenerat,
690 4529 722 4574 et
734 4520 790 4573 sal·
840 4517 905 4572 sola
926 4517 1008 4581 tides,
1026 4533 1104 4589 quae
1124 4518 1214 4572 etiam
1237 4527 1283 4572 est
1303 4516 1376 4570 fides

261 4607 320 4653 vat.
354 4596 433 4662 Vita,
446 4613 523 4670 quae
542 4598 646 4662 influit,
665 4610 712 4656 est
728 4600 791 4654 vita
839 4609 977 4670 separata
1004 4614 1024 4655 a
1052 4597 1198 4654 charitate
1222 4596 1375 4669 spirituali,
