3384 5400
376 660 440 742 726
696 675 941 727 nrocncrrsn
964 675 1174 727 navorum.

376 842 542 907 Dominus
561 843 604 907 sit
624 842 786 918 Verbum,
803 853 839 908 et
857 844 946 928 quod
966 843 1117 907 Verbum
1136 844 1178 908 de
1198 844 1277 928 Ipso
1296 843 1378 908 Solo
1396 853 1484 927 agat,

376 948 412 1001 et
434 938 524 1020 quod
547 940 591 1001 sit
614 938 707 1001 Deus
729 938 822 1002 Caeli
849 949 885 1002 et
908 937 1044 1014 Terrae,
1069 948 1104 1002 et
1127 939 1217 1021 quod
1241 939 1284 1002 ab
1308 939 1387 1023 lpso
1410 936 1487 1002 Solo

376 1032 475 1096 Nova
495 1032 650 1095 Ecclesia
668 1032 807 1095 existat.
852 1032 1017 1096 Dominus
1036 1033 1134 1108 dixit,
1155 1032 1244 1115 quod
1327 1085 1330 1091 .

422 1172 512 1225 Visuri
524 1175 578 1223 sint
592 1174 713 1223 “Tilium
732 1174 858 1224 Hominis
871 1176 1023 1224 venientem
1042 1174 1069 1224 in
1083 1176 1196 1225 nubibus
1210 1175 1283 1225 Caeli
1295 1189 1355 1225 cum
1367 1176 1453 1239 gloria
1463 1184 1488 1225 et

504 1239 624 1288 virtute”
635 1240 744 1301 (Marti.
755 1240 826 1289 xxiv.
839 1251 886 1300 3o;
905 1255 961 1302 cap.
974 1240 1036 1290 xvii.
1049 1237 1101 1301 5l¹l;
1119 1255 1176 1302 cap.
1189 1242 1260 1289 xxvi.
1272 1241 1320 1300 64;
1337 1242 1422 1291 Marc.
1435 1241 1484 1291 xiv.

504 1306 602 1432 όιὸὁκς
619 1306 683 1355 Luc.
696 1306 730 1356 ix.
741 1319 781 1367 34,
793 1318 824 1367 35
836 1320 842 1363 ;
860 1320 918 1368 cap.
929 1306 983 1355 xxi.
995 1317 1026 1365 27
1037 1320 1043 1365 ;
1061 1306 1138 1370 Apoc.
1150 1306 1167 1357 i.
1180 1316 1194 1367 7
1206 1320 1212 1365 ;
1234 1307 1303 1355 Alia
1315 1308 1426 1370 Apostol.
1437 1307 1453 1356 i.
1463 1321 1485 1369 o,

507 1383 536 1419 11
557 1385 564 1431 ;

375 1508 410 1563 et
429 1499 493 1561 hoc
513 1500 616 1561 etiam
632 1498 720 1561 dixit
739 1498 915 1573 Dominus,
933 1499 987 1562 ubi
1007 1498 1139 1563 locutus
1155 1508 1209 1563 est
1228 1520 1303 1563 curn
1320 1499 1502 1584 discipulis,

374 1594 417 1657 de
437 1593 730 1656 consummatione
747 1594 883 1669 saeculi,
904 1614 989 1676 quae
1010 1603 1064 1656 est
1086 1592 1242 1657 ultimum
1266 1603 1400 1675 tempus
1423 1594 1486 1657 Ec·

375 1688 510 1763 clesiae,
534 1687 670 1769 quando
688 1685 858 1767 judicium.
917 1685 1037 1750 Omnis
1060 1687 1115 1770 qui
1141 1707 1210 1750 non
1237 1688 1325 1751 ultra
1347 1686 1486 1751 Sensum

375 1782 494 1845 literae
513 1782 655 1862 cogitat,
672 1780 780 1845 credit
795 1782 885 1864 quod
905 1801 980 1844 cum
1000 1781 1168 1846 Ultimum
1185 1781 1351 1863 Judicium
1369 1792 1487 1845 ventu-

375 1896 448 1938 rum
475 1885 538 1949 est,
565 1875 733 1961 Dominus¹
756 1876 967 1956 appariturus
993 1876 1037 1939 sit
1063 1876 1096 1939 in
1124 1876 1266 1939 nubibus
1293 1874 1387 1939 Caeli
1415 1896 1486 1939 cum

375 1969 507 2051 angelis
525 1978 560 2032 et
578 1970 670 2032 sonis
689 1970 864 2047 tubarum;
888 1978 923 2032 at
942 1969 1032 2052 quod
1051 1970 1084 2033 id
1104 1989 1172 2032 non
1191 1968 1412 2051 intelligatur,
1431 1970 1488 2033 sed

375 2063 465 2147 quod
477 2064 687 2145 appariturus
702 2064 736 2125 in
749 2062 876 2139 Verbo,
890 2074 1047 2127 constare
1061 2073 1175 2146 potest
1189 2064 1232 2126 ab
1248 2062 1487 2146 Explicatione

375 2178 474 2241 supra
503 2155 549 2240 (n.
576 2174 628 2237 24,
655 2155 773 2240 6421¹¹).
817 2156 865 2221 Et
893 2157 1058 2221 Dominus
1085 2168 1225 2241 apparet
1253 2158 1430 2221 manifeste
1455 2160 1486 2221 in

375 2251 482 2316 Sensu
495 2252 600 2315 Verbi
611 2252 793 2334 spirituali;
817 2261 957 2334 apparet
971 2272 1039 2315 non
1053 2252 1155 2315 modo
1167 2252 1257 2335 quod
1270 2253 1313 2316 sit
1326 2251 1486 2326 Verbum,

374 2348 438 2411 hoc
456 2356 519 2421 est,
533 2348 641 2428 ipsum
659 2345 817 2409 Divinum
834 2344 973 2421 Verum,
987 2356 1060 2410 tum
1075 2346 1165 2430 quod
1183 2346 1259 2429 lpse
1275 2348 1319 2409 sit
1335 2347 1487 2409 intimum

375 2440 480 2505 Verbi
506 2451 542 2504 et
568 2440 646 2504 iude
668 2460 769 2503 omne
793 2440 873 2521 ejus,
898 2440 958 2504 sed
984 2442 1088 2504 etiam
1110 2442 1200 2523 quod
1228 2441 1305 2524 Ipse
1328 2442 1372 2503 sit
1399 2441 1488 2503 Deus

375 2556 459 2599 unus
477 2536 511 2598 in
528 2534 613 2617 'Quo
635 2533 794 2610 Trinitas,
814 2536 862 2597 ita
886 2534 978 2597 Deus
1001 2534 1095 2599 Caeli
1117 2545 1153 2598 et
1172 2534 1297 2598 Terrae
1321 2534 1432 2611 solus;
1455 2543 1488 2597 et

375 2631 509 2713 insuper
537 2628 627 2713 quod
659 2630 694 2692 in
727 2628 888 2692 mundum
918 2630 1059 2705 venerit,
1090 2639 1127 2692 ut
1158 2628 1353 2691 Humanum
1387 2627 1486 2691 Suum

374 2722 589 2806 glorificaret,
617 2725 682 2786 hoc
709 2733 773 2797 est,
802 2723 961 2786 Divinum
987 2724 1123 2787 faceret.
1178 2723 1373 2786 Humanum
1401 2723 1488 2806 quod

375 2812 586 2899 glorificaiit,
607 2818 671 2881 hoc
694 2827 758 2892 est,
779 2817 938 2881 Divinum
957 2817 1047 2892 lecit,
1067 2827 1141 2881 erat
1166 2816 1361 2880 Humanum
1381 2816 1487 2880 Natu·

374 2913 455 2987 rale,
472 2913 561 2995 quod
581 2931 649 2974 non
665 2910 853 2994 glorificare
869 2931 927 2974 seu
947 2911 1105 2974 Divinum
1121 2912 1231 2974 iacere
1251 2913 1372 2993 potuit,
1390 2929 1506 2993 quam

375 3027 434 3089 per
448 3008 699 3088 susceptionem
715 3007 852 3068 humani
868 3006 900 3068 in
917 3004 1059 3087 Virgine
1074 3007 1107 3068 in
1124 3006 1250 3068 mundo
1267 3003 1421 3079 naturali,
1439 3005 1488 3067 cui

375 3115 456 3177 tunc
469 3102 575 3164 univit
588 3101 746 3163 Divinum
760 3097 863 3163 Suum
875 3099 965 3182 quod
978 3099 1038 3163 luit
1053 3100 1120 3182 Ipsi
1132 3100 1176 3164 ab
1187 3111 1337 3162 aeterno.
1372 3098 1488 3163 Unitio

375 3195 433 3259 illa
447 3193 536 3259 faeta
550 3205 603 3258 est
620 3215 679 3276 per
691 3195 901 3258 tentationes
917 3195 951 3257 in
969 3193 1163 3257 Humanum
1180 3193 1283 3256 Suum
1295 3202 1486 3275 susceptum

376 3291 550 3362 admissas,
574 3309 714 3372 quarum
740 3288 859 3351 ultima
885 3287 945 3352 suit
973 3288 1087 3351 Passio
1110 3289 1227 3361 crucis,
1251 3296 1286 3350 et
1309 3286 1406 3350 simul
1433 3307 1489 3370 per

375 3384 608 3467 impletionem
635 3384 784 3446 omnium
808 3381 924 3458 Verbi,
949 3403 1017 3445 non
1044 3382 1153 3446 solum
1179 3403 1237 3464 per
1259 3381 1487 3464 impletionem

375 3481 525 3542 omnium
548 3477 653 3541 Verbi
678 3480 711 3540 in
734 3477 842 3540 Sensu
866 3477 1009 3540 naturali
1033 3477 1113 3558 ejuS,
1138 3476 1324 3540 sedetiam
1348 3495 1407 3558 per
1428 3476 1487 3538 lm·

375 3574 562 3656 pletionem
586 3573 735 3635 omnium
759 3571 864 3636 Verbi
890 3573 924 3634 in
950 3569 1058 3634 Sensu
1081 3569 1244 3652 spirituali
1267 3580 1301 3634 et
1329 3571 1362 3632 in
1385 3568 1487 3633 Sensu

376 3667 515 3731 caelesti
542 3667 622 3747 ejus,
646 3668 680 3731 in
704 3688 781 3750 quo,
806 3677 843 3730 ut
870 3686 969 3748 supra
995 3663 1122 3730 dietum
1148 3674 1211 3740 est,
1235 3665 1278 3728 de
1305 3664 1384 3746 Ipso
1411 3662 1487 3728 Solo

376 3764 504 3844 agitur:
529 3763 589 3824 sed
604 3762 647 3825 de
663 3762 715 3824 his
727 3762 904 3824 videantur
916 3781 1002 3842 quae
1018 3762 1051 3823 in
1063 3759 1227 3822 Dolirr'na
1241 3759 1357 3821 Novae
1370 3757 1487 3822 Hiero-

375 3857 518 3938 solymae
535 3857 575 3919 de
591 3856 740 3930 Domino,
761 3865 796 3919 et
819 3857 853 3918 in
871 3854 1035 3918 Dotirina
1053 3854 1169 3916 Nouae
1184 3853 1433 3934 Hierosolymae
1452 3851 1489 3914 de

376 3951 560 4032 Scriptura
582 3951 700 4025 sacra,
725 3949 942 4014 manifestata
964 3958 1053 4012 sunt.
1107 3947 1204 4011 Nunc
1227 3948 1305 4030 quia
1328 3947 1487 4010 Dominus

375 4055 429 4109 est
449 4045 610 4120 Verbum,
631 4055 666 4109 et
686 4044 837 4108 Verbum
857 4042 945 4108 Caro
963 4040 1088 4106 lactum
1106 4051 1159 4106 est
1178 4040 1272 4123 (Joh.
1289 4043 1308 4104 i.
1329 4057 1355 4116 1,
1373 4057 1403 4116 2,
1427 4038 1486 4120 14),

376 4151 412 4204 et
431 4137 582 4204 Verbum
606 4139 694 4203 Caro
716 4136 840 4202 ladtum
860 4148 912 4202 est
935 4147 972 4200 ut
995 4136 1151 4220 impleret
1173 4135 1266 4210 illud,
1287 4145 1385 4218 patet
1403 4133 1488 4219 quod

376 4233 558 4297 Adventus
580 4233 716 4296 Domini
739 4233 772 4296 in
792 4231 909 4296 Verbo
932 4231 1143 4313 intelligatur
1165 4251 1225 4314 per
1246 4231 1487 4312 apparitionem

376 4329 484 4410 Ipsius
504 4329 565 4391 “in
589 4329 730 4392 nubibus
750 4326 843 4391 Caeli
855 4326 881 4406 ;’'
903 4327 992 4410 quod
1014 4326 1148 4389 “nubes
1167 4323 1282 4389 Caeli”
1302 4324 1488 4406 significent

375 4421 528 4487 Verbum
557 4425 591 4485 in
618 4421 725 4486 Sensu
755 4420 884 4497 literae,
912 4421 1067 4484 videatur
1093 4440 1192 4502 supra
1212 4415 1267 4501 '(n.
1296 4435 1347 4498 24,
1375 4414 1487 4498 diali).

377 4515 477 4598 Quod
500 4517 666 4599 apparitio
690 4516 826 4580 Domini
849 4517 883 4579 in
906 4513 1023 4578 Verbo
1046 4514 1266 4596 intelligatur,
1288 4521 1397 4596 patet,
1416 4511 1488 4595 quia

376 4632 436 4694 per
452 4611 615 4694 “Equum
633 4610 748 4675 album
755 4608 770 4635 ”
786 4609 994 4692 significatur
1009 4605 1202 4674 intelledtus
1219 4607 1324 4672 Verbi
1343 4607 1487 4680 interior,
