3384 5400
355 674 419 742 770
680 670 927 723 APOCALYPSIS
950 672 1159 723 REVELATA.

354 861 487 923 cunque
513 840 709 904 conditione
738 850 773 905 et
804 840 969 924 qualitate
1001 840 1054 925 (ut
1084 864 1116 907 n.
1138 842 1240 927 604);
1274 865 1333 929 per
1358 850 1478 911 “stare

353 956 468 999 coram
488 936 592 1010 Deo‚”
610 936 675 999 hoc
695 946 758 1009 est,
778 955 892 1000 coram
913 936 1062 1001 Sedente
1081 958 1181 1020 super
1199 939 1351 1015 Throno,
1371 944 1477 1025 signi·

354 1030 474 1093 fleatur
492 1032 564 1093 sisti
582 1040 618 1092 et
637 1032 837 1111 congregari
857 1032 900 1093 ad
920 1030 1090 1112 judicium.
1136 1033 1198 1096 Per
1218 1039 1401 1099 “mortuos
1410 1037 1425 1060 ”
1444 1039 1475 1099 in

354 1124 471 1187 Verbo
486 1122 695 1205 significatur
712 1124 802 1187 idem
821 1126 911 1207 quod
932 1146 991 1207 per
1009 1136 1147 1203 mortes,
1165 1137 1200 1191 et
1219 1148 1279 1210 per
1296 1134 1455 1194 “mortes
1464 1130 1479 1155 '’

297 1221 301 1231 '
353 1217 586 1300 significantur
603 1219 714 1280 varia:
739 1239 799 1300 per
818 1226 993 1283 “mortem
1003 1219 1018 1244 ”
1037 1221 1127 1283 enim
1150 1241 1219 1284 non
1243 1223 1346 1285 modo
1369 1226 1476 1306 signi·

352 1311 471 1375 ficatur
487 1309 672 1375 exstinctio
688 1311 779 1374 vitae
794 1312 967 1387 naturalis,
985 1333 1071 1395 quae
1086 1322 1139 1377 est
1156 1316 1277 1391 obitus,
1295 1318 1355 1380 sed
1374 1321 1478 1382 etiam

352 1404 538 1469 exstinctio
556 1408 647 1469 vitae
665 1406 846 1488 spiritualis
866 1428 952 1489 quae
975 1418 1027 1471 est
1051 1408 1248 1487 damnatio;
1279 1431 1339 1491 per
1356 1418 1376 1443 “
1387 1433 1477 1477 mor·

352 1500 448 1563 tem”
470 1501 574 1564 etiarn
603 1500 812 1581 significatur
838 1500 1024 1565 exstinctio
1054 1522 1206 1566 amorum
1237 1506 1387 1587 corporis
1418 1526 1476 1571 seu

353 1596 701 1677 concupiscentiarum
718 1596 837 1668 carnis.
852 1606 929 1677 post
946 1616 1046 1679 quam
1063 1598 1237 1661 innovatio
1253 1600 1366 1676 vitae;
1391 1602 1479 1682 pari·

353 1700 406 1753 ter
429 1710 488 1771 per
508 1696 527 1721 “
537 1699 682 1753 mortem
692 1689 707 1714 ”
725 1688 933 1771 significatur
952 1689 1160 1767 resurrectio,
1179 1694 1257 1775 quia
1275 1694 1379 1757 homo
1398 1706 1477 1776 post

353 1795 499 1848 mortem
522 1785 639 1847 statim
664 1785 830 1864 resurgit;
863 1794 935 1846 tum
966 1805 1026 1866 per
1049 1792 1222 1849 “mortem
1232 1786 1246 1811 ”
1269 1787 1480 1869 significatur

354 1876 541 1964 neglectus,
565 1898 633 1941 non
657 1879 799 1959 agnitio,
823 1888 859 1941 et
887 1877 1024 1959 rejectio
1046 1900 1065 1942 a
1089 1882 1237 1943 mundo:
1268 1882 1302 1944 in
1323 1902 1479 1946 commu·

354 1975 492 2036 nissimo
508 1983 622 2036 autem
641 1992 741 2035 sensu
760 1993 820 2054 per
836 1972 1035 2036 “mortem''
1050 1973 1257 2055 significatur
1275 1976 1364 2039 idem
1385 1977 1477 2060 quod

352 2088 413 2149 per
436 2066 676 2141 “Diabolum''
699 2087 802 2148 quare
833 2069 936 2130 etiam
961 2067 1124 2131 Diabolus
1146 2078 1288 2133 vocatur
1312 2070 1438 2135 “Mors
1452 2072 1478 2149 ;”

352 2173 388 2226 et
412 2183 471 2244 per
489 2169 509 2194 ‘⁸
521 2160 700 2224 Diabolum
709 2161 724 2185 '¹
743 2162 945 2244 intelligitur
964 2162 1134 2225 Infernum
1154 2164 1208 2226 ubi
1232 2174 1310 2227 sunt
1334 2166 1391 2247 qui
1415 2188 1476 2231 vo·

353 2268 474 2321 cantur
506 2255 655 2332 diaboli;
693 2256 771 2319 inde
806 2258 909 2319 etiam
943 2276 1003 2338 per
1039 2263 1214 2321 “mortem
1225 2258 1240 2283 ”
1275 2258 1479 2342 intelligitur

352 2352 479 2416 malum
495 2349 691 2424 voluntatis,
708 2350 798 2432 quod
818 2350 897 2413 facit
917 2359 953 2414 ut
973 2350 1077 2415 homo
1097 2354 1141 2415 sit
1160 2352 1335 2416 diabolus:
1360 2355 1394 2417 in
1413 2355 1478 2419 hoc

354 2446 475 2510 ultimo
504 2466 605 2509 sensu
634 2445 836 2525 intelligitur
860 2444 1008 2508 “Mors''
1031 2447 1063 2509 in
1094 2457 1258 2528 sequente
1288 2468 1398 2525 versu,
1422 2451 1477 2512 ubi

353 2542 474 2604 dicitur
493 2540 582 2621 quod
601 2538 726 2602 “Mors
744 2548 779 2601 et
799 2538 952 2602 Infernus
971 2540 1127 2603 dederint
1146 2560 1226 2604 suos
1245 2542 1427 2616 mortuos‚”
1443 2556 1478 2606 et

352 2636 442 2720 quod
468 2642 487 2666 ‘⁴
497 2631 639 2715 conjecli
663 2636 729 2696 sint
760 2635 794 2697 in
818 2643 978 2716 stagnum
1002 2634 1117 2718 ignis.'’
1162 2635 1218 2697 Ex
1242 2636 1293 2700 his
1316 2647 1478 2702 constare

353 2739 480 2814 potest,
504 2731 639 2811 quinam
670 2749 729 2811 per
753 2735 933 2792 “mortuos
942 2729 957 2754 ’'
980 2731 1013 2792 in
1044 2731 1135 2794 vario
1158 2751 1259 2794 sensu
1282 2732 1477 2813 significan·

354 2836 428 2889 tur:
453 2825 506 2887 hic
526 2821 758 2904 significantur
776 2843 895 2886 omnes
914 2823 961 2886 illi
980 2825 1035 2906 qui
1058 2846 1077 2888 e
1096 2825 1224 2888 mundo
1242 2837 1477 2900 excesserunt,

353 2941 413 2984 seu
443 2940 462 2982 e
492 2920 590 2982 terris
616 2920 739 2981 mortui
762 2929 871 2992 erant,
895 2930 930 2982 et
961 2928 1041 2982 tunc
1073 2922 1106 2983 in
1137 2920 1268 2984 Mundo
1290 2921 1477 3003 spirituum.

355 3016 487 3078 Dicitur
504 3014 539 3075 in
556 3011 684 3075 Mundo
701 3012 891 3092 spirituum,
911 3015 987 3096 quia
1006 3017 1039 3077 in
1059 3014 1153 3077 illum
1171 3035 1290 3078 omnes
1306 3025 1384 3097 post
1404 3018 1477 3080 obi·

353 3123 427 3174 tum
446 3111 589 3192 primum
608 3109 759 3182 veniunt,
778 3119 814 3170 et
837 3109 882 3172 ibi
905 3119 1149 3191 praeparantur
1167 3111 1246 3172 boni
1269 3110 1312 3172 ad
1335 3109 1476 3174 Caelum

353 3216 389 3269 et
412 3204 491 3267 mali
515 3203 558 3266 ad
586 3201 777 3278 Infernum3
810 3213 844 3265 et
869 3214 1043 3266 morantur
1065 3203 1109 3265 ibi
1132 3203 1268 3285 quidam
1292 3205 1395 3268 modo
1417 3225 1477 3287 per

354 3317 516 3372 mensem,
537 3306 595 3360 aut
618 3316 678 3378 per
700 3316 836 3369 annum,
856 3303 891 3359 et
915 3297 1050 3378 quidam
1073 3317 1132 3379 per
1155 3298 1273 3360 decem
1293 3317 1401 3361 annos
1420 3319 1474 3362 us·

353 3413 418 3476 que
434 3393 477 3454 ad
493 3393 653 3472 triginta;
677 3401 712 3453 et
728 3390 785 3464 illi,
799 3391 918 3472 quibus
930 3410 1127 3454 concessum
1144 3391 1204 3454 fuit
1218 3393 1278 3455 sibi
1295 3393 1381 3456 sicut
1398 3413 1476 3456 cae·

353 3487 405 3551 los
423 3487 543 3560 facere,
562 3486 606 3547 ad
624 3485 753 3568 aliquot
772 3486 918 3560 saecula,
939 3486 1038 3549 hodie
1057 3506 1138 3550 vero
1158 3507 1225 3549 non
1245 3487 1334 3550 ultra
1351 3488 1474 3569 viginti

353 3601 471 3646 annos.
517 3581 581 3643 Est
611 3581 733 3660 ingens
762 3580 807 3642 ibi
830 3579 1024 3654 multitudo,
1048 3590 1083 3643 et
1114 3580 1158 3642 ibi
1182 3590 1260 3643 sunt
1284 3579 1476 3646 Societatcs

353 3679 439 3740 sicut
462 3677 495 3737 in
515 3673 627 3738 Caelis
645 3684 680 3737 et
704 3675 737 3736 in
757 3673 917 3737 Infernis:
953 3674 995 3736 de
1018 3674 1082 3737 hoc
1101 3675 1228 3738 mundo
1246 3675 1401 3738 videatur
1419 3697 1474 3739 su·

353 3793 415 3855 pra
435 3769 482 3852 (n.
501 3772 574 3851 784,
594 3767 683 3851 791).
727 3768 833 3850 Supra
853 3769 904 3831 his
923 3769 978 3850 qui
1001 3771 1034 3831 in
1054 3768 1113 3831 illo
1132 3770 1259 3832 mundo
1277 3779 1386 3844 erant,
1405 3771 1474 3834 lac·

352 3879 426 3930 tum
449 3874 501 3928 est
525 3863 694 3928 Ultimum
716 3862 892 3944 Judicium,
910 3872 945 3925 et
970 3882 1036 3925 non
1060 3861 1185 3926 laetum
1208 3873 1262 3926 est
1285 3883 1387 3946 super
1409 3865 1474 3927 illis

353 3962 409 4044 qui
427 3961 461 4023 in
477 3958 582 4023 Caelo
597 3968 705 4033 erant,
723 3977 784 4020 nec
804 3977 904 4040 super
921 3956 986 4019 illis
1002 3957 1057 4038 qui
1076 3959 1109 4019 in
1129 3957 1286 4035 Inserno;
1309 3959 1365 4039 qui
1384 3959 1473 4021 enirn

353 4057 388 4118 in
410 4053 516 4118 Caelo
538 4062 635 4117 erant
658 4053 748 4134 prius
769 4051 893 4115 salvati
915 4060 1005 4124 sunt,
1025 4060 1060 4114 et
1083 4052 1138 4132 qui
1168 4053 1201 4114 in
1225 4050 1362 4115 Inferno
1384 4053 1473 4134 prius

353 4150 506 4213 damnati
527 4158 617 4211 sunt.
661 4146 718 4209 Ex
741 4147 793 4209 his
815 4147 920 4210 videri
944 4155 1060 4228 potest
1080 4155 1243 4228 quantum
1262 4144 1472 4210 hallucinan-

353 4255 408 4307 tur
426 4244 481 4325 qui
500 4243 642 4306 credunt
661 4242 751 4324 quod
774 4239 942 4304 Ultimum
961 4239 1127 4322 Judicium
1146 4241 1350 4304 exstiturum
1374 4243 1417 4304 sit
1440 4243 1469 4303 in

353 4339 461 4412 terris,
482 4346 517 4399 et
540 4337 631 4420 quod
653 4346 735 4399 tunc
758 4336 913 4398 homines
931 4335 1042 4417 quoad
1066 4355 1125 4398 sua
1147 4355 1288 4416 corpora
1306 4355 1470 4400 resurrec-

353 4433 418 4494 turi
441 4432 527 4493 sint:
555 4441 634 4494 sunt
657 4432 745 4494 enim
769 4449 898 4502 omnes,
919 4429 974 4510 qui
997 4450 1017 4492 a
1039 4431 1144 4511 prima
1168 4429 1339 4492 creatione
1359 4430 1471 4494 mundi

353 4526 522 4600 vixerunt,
542 4527 576 4588 in
599 4525 727 4587 mundo
745 4523 909 4605 spirituali
928 4523 1046 4600 simul;
1075 4533 1110 4586 et
1129 4543 1248 4586 omnes
1267 4524 1376 4587 induti
1399 4545 1471 4588 cor·

353 4639 435 4702 pore
465 4619 638 4703 spirituaii,
662 4620 718 4702 qui
748 4639 861 4683 coram
892 4617 998 4682 oculis
1028 4618 1172 4695 illorum,
1196 4619 1250 4700 qui
1281 4618 1471 4701 spirituales
