3384 5400
517 700 596 751 cna.
613 700 687 763 xx,
703 700 806 751 vans.
821 700 932 768 9.-u.
949 687 1018 751 861.
1266 688 1326 771 765

208 881 303 935 cetur
331 868 484 934 doitrina
514 870 602 952 ejus:
637 891 741 953 quare
771 890 814 934 ne
848 891 943 935 mens
977 872 1010 934 in
1044 872 1146 935 dubio
1176 874 1327 944 haereat,

209 983 383 1029 necessum
413 976 465 1029 est
496 976 532 1028 ut
563 966 816 1029 demonstretur
844 966 923 1047 quid
955 965 1152 1030 '‘latitudo’'
1183 978 1217 1031 et
1247 968 1327 1051 quid

209 1066 351 1123 “castra
369 1057 585 1123 sanctorum'
603 1061 637 1122 in
661 1058 823 1141 spirituali
842 1057 950 1123 Sensu
966 1059 1169 1141 significant,
1190 1082 1235 1124 ex
1254 1064 1326 1145 qui-

206 1155 268 1216 bus
290 1163 411 1236 postea
434 1154 537 1217 videri
560 1163 674 1235 potest
697 1153 787 1235 quod
818 1153 896 1217 talis
926 1156 968 1218 sit
999 1153 1131 1218 illorum
1147 1156 1327 1220 verborum

206 1267 333 1311 sensus.
378 1246 480 1329 Quod
504 1248 679 1312 “latitudo
708 1247 841 1311 terrae”
865 1248 1032 1331 significet
1057 1270 1172 1312 verum
1204 1250 1326 1314 Eccle-

205 1344 285 1416 siae,
309 1351 363 1405 est
389 1344 466 1424 quia
495 1343 528 1404 in
559 1343 685 1406 mundo
715 1342 878 1425 spirituali
908 1353 987 1407 sunt
1018 1354 1163 1427 quatuor
1193 1344 1326 1427 plagae,

205 1434 337 1510 Oriens,
369 1434 548 1510 Occidens
580 1435 739 1499 Meridies
769 1447 805 1499 et
835 1436 1041 1520 Septentrio,
1073 1447 1108 1501 et
1140 1436 1261 1501 Oriens
1291 1449 1327 1502 et

205 1528 376 1594 Occidens
398 1530 523 1594 iaciunt
547 1530 793 1612 longitudinem
817 1530 897 1611 ejus,
917 1552 956 1594 ac
988 1532 1146 1595 Meridies
1176 1542 1211 1595 et
1242 1532 1326 1615 Sep·

203 1626 331 1687 tentrio
350 1624 563 1687 latitudinem
583 1624 672 1704 ejus;
706 1634 740 1687 et
760 1626 838 1707 quia
861 1627 895 1688 in
914 1624 1054 1690 Oriente
1077 1636 1113 1689 et
1136 1625 1326 1692 Occidente

203 1715 362 1779 habitant
381 1718 435 1798 qui
454 1718 487 1779 ln
506 1719 597 1782 bono
615 1720 738 1782 amoris
756 1730 846 1793 sunt,
867 1729 902 1783 et
921 1721 998 1784 ideo
1017 1742 1077 1803 per
1096 1720 1302 1785 “Orientem
1312 1720 1327 1747 '’

204 1821 240 1874 et
268 1808 548 1875 “Occidentem'’
571 1811 780 1894 significatur
809 1815 945 1887 bonum,
976 1816 1054 1878 inde
1085 1816 1238 1879 similiter
1267 1836 1327 1898 per

205 1905 483 1987 “longitudinem
496 1906 521 1982 ;''
540 1916 575 1970 et
593 1910 670 1990 quia
692 1909 725 1970 in
749 1906 890 1971 Meridie
913 1918 948 1972 et
971 1907 1211 1991 Septentrione
1230 1910 1325 1973 habi-

204 2009 281 2062 tant
305 2001 359 2081 qui
382 2001 415 2062 in
435 2001 522 2063 veris
540 2003 727 2083 sapientiae
750 2012 839 2077 sunt,
861 2012 895 2067 et
919 2004 995 2068 ideo
1018 2024 1077 2086 per
1097 2004 1327 2068 “Meridiem”

203 2104 239 2157 et
263 2092 567 2175 “Septentrionem
578 2095 593 2119 ”
615 2096 822 2178 significatur
844 2118 971 2171 verum,
991 2098 1069 2162 inde
1091 2100 1244 2163 similiter
1267 2120 1327 2182 per

205 2187 447 2251 “latitudinem
461 2188 488 2250 :''
520 2189 580 2252 sed
611 2191 653 2254 de
683 2190 733 2269 his
756 2192 934 2255 videantur
956 2192 1050 2274 plura
1080 2194 1112 2255 in
1136 2191 1249 2275 Opere
1276 2193 1327 2257 De

206 2280 306 2347 Caelo
327 2291 359 2343 et
383 2282 520 2361 Inferna
542 2283 687 2347 Londini
713 2286 793 2365 1758
815 2286 909 2349 edito
935 2284 981 2367 (n.
1009 2287 1177 2368 141—153).
1224 2286 1325 2369 Quod

205 2396 263 2457 per
287 2382 306 2409 ⁴⁴
316 2375 530 2440 latitudinem
539 2377 554 2402 ''
577 2377 784 2461 significetur
805 2399 933 2457 verum,
958 2392 1114 2445 constare
1142 2392 1257 2465 potest
1280 2404 1324 2447 ex

204 2470 255 2533 his
274 2470 357 2534 locis
375 2473 408 2533 in
427 2470 565 2536 Verbo:

253 2603 385 2669 Jebovah,
401 2606 480 2654 ''non
492 2606 645 2656 conclusisti
657 2622 700 2657 me
713 2607 740 2656 in
753 2622 862 2657 manum
876 2610 983 2665 inimici.
998 2618 1069 2659 stare
1081 2610 1167 2661 iecisti
1185 2612 1212 2661 in
1226 2611 1325 2662 Latitu-

334 2671 397 2721 dine
409 2673 490 2734 pedes
503 2686 578 2722 meos
587 2672 601 2691 ”
613 2672 721 2733 (Psalm.
733 2675 804 2724 xxxi.
817 2689 833 2737 o
846 2672 892 2740 [B.
907 2676 941 2726 Α.
957 2672 1010 2740 8]);

255 2737 274 2761 “
282 2736 321 2786 Ex
328 2739 453 2799 angustia
461 2738 583 2787 invocavi
590 2738 650 2803 jah,
661 2741 799 2801 respondit
807 2741 872 2789 mihi
881 2742 907 2789 in
916 2741 1071 2790 latitudine·
1079 2735 1188 2802 (psalm.
1197 2743 1284 2794 cxviii.
1290 2743 1324 2806 5);

255 2800 515 2933 ‘'JebpgahAeduppt
537 2819 581 2853 me
604 2806 632 2852 in
656 2805 844 2866 Latitudinem,
867 2807 963 2870 eripuit
986 2807 1051 2856 me¹¹
1074 2808 1185 2871 (Psalm.
1199 2810 1272 2860 xviii.
1293 2821 1326 2859 20

376 2905 382 2918 .
422 2881 456 2920 .1
508 2884 514 2925 ;

256 2932 339 2996 “Ego
351 2884 518 2998 exsuseiiltns
529 2933 689 2993 Chaldaeos,
700 2944 808 2998 gentem
821 2951 941 2986 amaram
959 2946 985 2987 et
1002 2939 1125 2996 celerem,
1139 2939 1322 2989 ambulantem

334 3001 360 3049 in
374 2999 527 3049 latitudines
539 2999 646 3050 terrae”
658 3000 736 3062 (Hab.
749 3002 765 3052 i.
777 3002 818 3061 6):

255 3065 386 3114 ‘'Aschur
397 3066 445 3114 ibit
460 3079 508 3128 per
522 3065 662 3130 Jehudam,
677 3067 817 3117 inundabit
833 3078 860 3116 et
876 3069 1006 3125 transibit,
1021 3079 1048 3117 et
1062 3079 1139 3118 erunt
1151 3071 1324 3121 extensiones

334 3129 436 3179 alarum
454 3131 513 3193 ejus
531 3130 669 3193 plenitudo
687 3132 834 3182 latitudinis
844 3132 859 3152 ”
875 3131 960 3196 (Esaj.
974 3134 1028 3184 viii.
1047 3134 1088 3196 8);

254 3194 400 3261 “Jehovah
413 3206 504 3258 pascet
515 3211 563 3245 eos
574 3198 643 3246 sicut
655 3212 734 3246 ovem
747 3199 774 3246 io
787 3198 926 3247 latitudine
934 3199 949 3217 ”
961 3199 1064 3259 (Hosti.
1077 3201 1112 3250 iv.
1126 3199 1174 3260 16).

251 3259 372 3319 (Praeter
378 3261 451 3321 alibi,
460 3272 490 3310 ut
496 3261 594 3312 Psalnr.
604 3263 639 3312 iv.
649 3275 664 3312 a
673 3260 720 3328 [B.
728 3265 764 3313 A.
774 3259 800 3327 1]
811 3276 817 3321 ;
829 3263 929 3314 Psalm.
940 3264 1002 3314 btvi.
1015 3277 1060 3325 12;
1073 3266 1166 3314 Deutr.
1176 3263 1325 3329 xxxiiiao.)

204 3383 276 3449 Nec
295 3385 385 3449 aliud
404 3385 605 3467 intelligitur
622 3407 682 3469 per

344 3519 524 3571 Latitudinem
538 3521 618 3572 Urbis
632 3521 725 3572 Novae
739 3521 946 3586 Hierosolymae
957 3522 1043 3588 (Aput.
1057 3525 1110 3574 xxi.
1126 3525 1181 3588 16),

203 3669 279 3712 cum
301 3650 390 3713 enim
414 3670 472 3732 per
492 3649 654 3714 “Novam
679 3651 952 3733 Hierosolymam
961 3651 976 3677 ”
999 3653 1199 3735 intelligitur
1223 3655 1321 3720 Nova

204 3741 369 3818 Ecclesia,
401 3764 467 3807 non
499 3755 613 3826 potest
643 3765 703 3827 per
733 3745 975 3810 “latitudinem
1006 3759 1041 3810 et
1072 3747 1320 3829 longitudinem

204 3837 295 3918 ejus”
313 3837 491 3918 significari
510 3838 655 3902 latitudo
670 3850 705 3902 et
725 3839 913 3922 longitudo,
931 3842 989 3904 sed
1006 3863 1119 3905 verum
1140 3853 1175 3904 et
1195 3843 1320 3908 bonum

203 3931 292 4011 ejus;
320 3931 404 3994 haec
422 3933 512 3996 enim
530 3943 610 3996 sunt
629 3933 823 3998 Ecclesiae:
849 3945 885 3998 ut
904 3956 1036 4030 quoque
1054 3937 1142 4018 apud
1162 3936 1321 4001 Sachari-

203 4046 282 4087 am:

253 4158 316 4209 Dixi
333 4160 447 4224 Angelo,
461 4161 548 4225 “Quo
557 4171 586 4210 tu
595 4164 693 4224 pergis.
730 4161 813 4222 Dixit,
824 4163 868 4212 Ad
877 4163 1042 4214 metiendum
1054 4165 1281 4227 Hierosolymam,
1293 4175 1323 4215 ut

333 4225 437 4275 videam
451 4236 550 4290 qimnta
568 4226 691 4277 Latitudo
708 4227 775 4291 ejus,
789 4239 817 4279 et
828 4239 928 4292 quanta
945 4230 1084 4292 longitudo
1096 4231 1154 4293 ejus
1163 4230 1177 4249 '¹
1189 4229 1227 4294 (ii.
1241 4232 1257 4280 6
1274 4228 1319 4296 [B.

227 4357 233 4365 ”
251 4286 442 4418 Similltler2ilelr
456 4357 634 4407 “latitudines
652 4367 680 4407 et
696 4359 878 4422 longitudines
886 4358 900 4379 '¹
913 4361 977 4409 novi
990 4360 1095 4424 Templi
1113 4369 1140 4411 et
1157 4376 1244 4411 novae
1256 4361 1311 4411 Ter

334 4434 388 4480 rae,
400 4424 470 4485 apud
479 4423 633 4472 Euclidem
643 4421 710 4486 (cap.
722 4423 872 4488 iri-xlvii).

203 4545 290 4611 Tum
313 4549 416 4613 etiam
440 4569 500 4632 per
523 4549 780 4631 “longitudines
803 4561 838 4616 et
863 4552 1080 4617 latitudines”
1104 4551 1235 4617 Altaris
1257 4556 1319 4618 ho-

204 4641 356 4718 locausti,
382 4643 617 4721 Tabernaculi,
649 4645 790 4709 Mensae
818 4667 917 4729 super
946 4668 1012 4729 qua
1041 4667 1156 4730 panes,
1188 4648 1319 4711 Altaris
