3384 5400
521 734 853 799 car.xv111.,vsas.
874 734 1000 803 13.-n.
1015 734 1087 802 777.
1298 719 1363 803 679

242 921 334 976 purae
352 914 383 960 et
401 902 521 960 santiae
534 903 684 961 Veritates
701 916 816 967 essent;
834 904 886 960 sed
905 913 974 975 post
993 901 1227 967 instructionem,
1241 914 1271 959 et
1289 914 1363 959 tunc

242 976 343 1029 datam
363 991 380 1030 e
396 975 487 1030 Caelo
507 976 743 1037 illustrationem,
756 974 884 1031 confessi
904 985 974 1029 sunt
990 975 1071 1045 quod
1090 991 1127 1028 nc
1146 991 1238 1029 unum
1258 992 1361 1029 verum

241 1046 379 1109 videant;
397 1058 428 1099 at
441 1046 512 1116 quia
523 1063 556 1101 se
569 1046 599 1100 in
613 1046 670 1101 illis
682 1056 755 1100 tunc
768 1062 838 1115 prae
849 1046 914 1100 aliis
927 1044 1185 1108 confirmaverunt,
1199 1056 1267 1115 post
1282 1046 1363 1101 illus·

242 1116 413 1179 trationem,
423 1133 513 1187 quam
528 1117 583 1186 ipsi
593 1116 807 1178 exstinxemnt,
817 1116 855 1171 ad
867 1116 955 1170 fidem
966 1132 1050 1171 suam
1061 1116 1190 1185 priorem
1202 1116 1361 1171 redierunt.

243 1184 395 1256 Imprimis
412 1187 611 1249 crediderunt,
625 1188 706 1257 quod
727 1186 776 1241 illa
788 1203 864 1256 quae
882 1187 921 1241 de
939 1186 1092 1257 Baptismo
1103 1192 1131 1241 et
1147 1186 1363 1259 Justr'ficattbne

242 1256 440 1320 sanciverunt,
454 1268 554 1313 essent
566 1256 730 1318 Veritates;
748 1258 801 1311 sed
814 1272 908 1327 usque
922 1257 993 1311 dum
1014 1256 1043 1310 in
1059 1256 1256 1311 illustratione
1269 1268 1361 1319 erant,

242 1326 383 1381 viderunt
395 1336 426 1381 et
438 1344 476 1382 ex
485 1328 550 1383 visu
564 1328 712 1383 illustrato
724 1326 852 1382 confessi
866 1338 943 1389 sunt,
954 1328 1034 1397 quod
1049 1336 1205 1411 peccatum
1218 1326 1362 1397 originale

243 1413 304 1451 non
323 1398 363 1452 sit
380 1398 468 1452 alicui
487 1414 524 1453 ex
543 1398 670 1460 Adamo,
689 1399 741 1452 sed
764 1414 782 1451 a
803 1398 930 1467 propriis
949 1398 1120 1467 parentibus
1138 1398 1312 1460 successive,
1331 1408 1362 1453 et

263 1468 325 1522 uod
339 1484 399 1522 non
413 1469 443 1522 id
457 1469 487 1522 in
502 1466 657 1539 Baptismo
670 1484 724 1538 per
733 1468 962 1537 imputationem
975 1477 1006 1522 et
1018 1468 1250 1537 applicationem
1261 1469 1360 1523 meriti

242 1483 366 1593 Domini
385 1537 523 1601 tollatur:
541 1549 605 1593 tum
619 1540 700 1610 quod
720 1538 880 1608 imputatio
898 1548 929 1592 et
944 1537 1105 1608 applicatio
1122 1538 1219 1593 meriti
1240 1536 1362 1593 Domini

243 1609 282 1663 sit
295 1606 469 1678 figmentum
484 1610 657 1672 humanum,
669 1609 739 1679 quia
753 1608 950 1679 impossibile:
969 1619 1000 1663 et
1012 1610 1093 1679 quod
1113 1626 1260 1679 nusquam
1273 1609 1361 1664 alicui

242 1676 365 1732 lactenti
385 1678 558 1733 infundatur
570 1679 652 1740 fides,
665 1680 736 1750 quia
754 1680 828 1734 fides
840 1688 887 1733 est
899 1679 1067 1749 cogitantis.
1104 1679 1253 1735 Viderunt
1265 1696 1361 1751 usque

241 1749 324 1819 quod
345 1747 390 1804 Ba
409 1749 516 1804 tismus
534 1750 573 1805 sit
591 1748 711 1805 santius
729 1759 760 1804 et
778 1760 1005 1813 sacramentum,
1018 1750 1089 1820 quia
1102 1750 1131 1803 in
1150 1749 1273 1821 Signum
1287 1752 1361 1805 etin

243 1766 418 1874 Memoriafe
426 1821 507 1890 quod
519 1820 611 1874 homo
621 1820 716 1889 possit
726 1820 892 1891 regenerari
903 1837 920 1874 a
931 1818 1062 1875 Domino
1071 1837 1123 1890 per
1130 1838 1245 1876 veraex
1253 1821 1361 1883 Verbo,

243 1889 273 1942 in
287 1888 319 1943 Si
362 1906 413 1943 um
433 1906 487 1961 pro
500 1890 600 1952 Caelo,
613 1902 645 1945 et
660 1890 689 1944 in
705 1890 879 1946 Memoriale
898 1907 952 1961 pro
972 1890 1107 1953 homine;
1125 1902 1156 1946 ct
1169 1892 1250 1961 quod
1269 1893 1362 1947 homo

240 1974 296 2103 pgr
308 1960 327 2014 il
340 1976 391 2014 um
405 1961 612 2015 introducatur
624 1961 654 2015 in
669 1960 838 2023 Ecclesiam,
853 1961 930 2015 sicut
943 1960 995 2014 filii
1010 1960 1126 2016 israelis
1139 1978 1192 2032 per
1202 1963 1361 2017 transitum

280 2030 380 2085 rdanis
393 2030 423 2084 in
434 2029 554 2085 Terram
566 2030 744 2093 Canaanem,
755 2041 786 2086 et
798 2032 876 2086 sicut
887 2032 1069 2087 habitatores
1084 2031 1223 2087 Hierosol
1244 2049 1310 2087 mae
1322 2034 1360 2088 ad

242 2100 443 2170 receptionem
454 2100 575 2156 Domini
584 2118 637 2172 per
646 2102 833 2172 Baptismum
841 2100 1001 2173 Johannis;
1015 2118 1083 2155 nam
1092 2103 1204 2173 absque
1215 2050 1266 2157 ilio
1274 2104 1361 2174 signo

242 2170 273 2224 in
287 2168 380 2225 Caelo
397 2187 497 2226 coram
516 2189 554 2227 an
576 2173 639 2235 elis,
653 2189 714 2227 non
733 2182 897 2243 potuerunt
914 2171 1020 2244 Judaei
1039 2172 1200 2227 subsistere
1218 2183 1249 2228 et
1261 2174 1362 2229 vivere

241 2240 382 2296 veniente
399 2240 544 2314 Jehovah,
556 2190 617 2297 {oc
635 2253 689 2305 est,
710 2241 841 2297 Domino
861 2244 891 2297 in
910 2258 1006 2299 carne.
1043 2242 1158 2297 Similia
1175 2244 1223 2299 his
1241 2242 1362 2299 luerunt

241 2326 318 2383 quae
331 2312 368 2367 dc
379 2310 598 2385 Justificatione
610 2314 809 2368 sanciverunt.

242 2506 343 2590 Quod
359 2508 545 2590 imputatio
561 2510 671 2573 meriti
690 2508 827 2574 Domini
846 2530 914 2573 non
933 2510 986 2585 sit,
1004 2529 1065 2574 nec
1082 2510 1190 2587 detur,
1207 2512 1361 2576 videatur

240 2603 275 2667 in
286 2602 449 2667 Dolln‘na
460 2602 577 2667 Novae
585 2602 835 2685 Habrosolymae
845 2604 886 2667 de
895 2603 1035 2667 Domino
1048 2603 1095 2687 (n.
1112 2606 1175 2687 18).
1210 2606 1257 2669 Et
1270 2607 1360 2689 quod

241 2697 366 2761 malum
378 2697 648 2774 haereditarium,
661 2700 752 2781 quod
764 2711 905 2764 vocatur
917 2711 1094 2782 peccatum
1107 2701 1280 2783 originale,
1292 2722 1360 2766 non

240 2793 285 2856 sit
310 2793 355 2856 ab
380 2793 519 2856 Adamo
548 2794 607 2858 sed
634 2815 653 2857 a
681 2793 875 2875 parentibus
901 2795 1099 2868 successive,
1126 2796 1160 2858 in
1188 2793 1362 2874 Sapientia

239 2885 402 2968 Angelica
415 2887 457 2950 de
472 2886 599 2950 Divina
616 2888 835 2952 Providentia
852 2886 899 2971 (n.
914 2887 1001 2972 277).
1047 2887 1136 2971 Quid
1154 2889 1361 2952 “Adamas’'

240 2980 275 3044 in
293 2981 421 3058 Verbo,
438 3001 469 3044 n.
486 2998 543 3061 241
562 2983 617 3047 ibi.
1187 3051 1193 3070 ‚

299 3096 390 3165 777.
414 3093 501 3162 [Vm.
517 3095 569 3162 ¹3·]
595 3091 614 3121 ⁴¹
621 3085 660 3148 El
671 3084 890 3148 alanumomum
903 3089 938 3147 al
948 3085 1119 3149 suffimenta
1133 3089 1167 3147 ol
1177 3084 1362 3168 prymenlum

239 3179 275 3238 oi
286 3173 394 3262 deutl'
409 3173 576 3255 significat
591 3175 683 3256 quod
692 3195 756 3237 non
770 3174 844 3238 illis
860 3175 910 3238 sit
923 3174 1071 3255 amplius
1086 3174 1193 3238 cultus
1207 3195 1251 3238 ex
1264 3175 1360 3239 bonis

238 3274 271 3328 et
287 3261 377 3329 veras
395 3265 639 3347 spiritualibus,
656 3266 735 3349 quia
753 3287 816 3329 non
830 3266 964 3349 aliquid
978 3267 1068 3330 intus
1086 3266 1120 3328 in
1135 3266 1223 3330 cultu
1240 3265 1361 3331 habent

239 3360 330 3442 quod
347 3369 453 3441 supra
475 3360 652 3424 nominatis
670 3361 993 3441 correspondet-In
1011 3381 1110 3424 versu
1133 3361 1360 3443 praecedente

239 3450 352 3517 actum
374 3464 428 3518 est
451 3454 494 3518 de
516 3456 672 3518 omnibus
694 3475 780 3538 quae
803 3466 882 3518 sunt
905 3451 1079 3518 doctrinae
1103 3454 1298 3532 Ecclesiae;
1326 3457 1359 3518 in

238 3547 304 3611 hoc
323 3569 422 3612 versu
443 3559 557 3612 autem
575 3550 687 3631 agitur
705 3550 747 3614 de
770 3551 925 3613 omnibus
948 3571 1033 3633 quae
1056 3559 1135 3612 sunt
1158 3548 1267 3612 cultus
1290 3547 1359 3614 Ec·

239 3641 371 3705 clesiae.
431 3642 616 3706 Praemissa
642 3654 720 3707 sunt
746 3643 804 3707 illa
825 3665 911 3726 quae
938 3653 1016 3706 sunt
1038 3639 1222 3716 doctrinae,
1246 3653 1281 3706 et
1305 3664 1359 3708 se·

239 3747 386 3818 quuntur
408 3736 466 3800 illa
488 3757 573 3820 quae
596 3748 673 3802 sunt
697 3738 818 3812 cultus,
842 3740 1000 3821 quoniam
1024 3757 1068 3801 ex
1095 3737 1191 3800 bonis
1214 3747 1249 3800 et
1273 3740 1359 3802 veris

239 3827 414 3894 doctrinae
431 3841 485 3895 est
502 3831 600 3914 quale
619 3832 749 3909 cultus;
773 3832 883 3896 cultus
902 3833 990 3895 enim
1010 3851 1077 3894 non
1101 3841 1154 3896 est
1177 3833 1239 3894 nisi
1257 3843 1359 3914 quam

238 3919 334 3988 ac‘tus
353 3935 525 4000 externus,
541 3926 575 3988 in
593 3946 660 4009 quo
678 3927 822 4001 interna,
838 3947 925 4008 quae
943 3935 1022 3988 sunt
1039 3922 1222 3999 doctrinae,
1239 3939 1355 4006 erunt;

239 4018 367 4100 absque
392 4019 444 4081 his
466 4030 518 4083 est
542 4021 652 4084 cultus
674 4021 800 4103 absque
824 4041 882 4082 sua
905 4019 1062 4094 essentia,
1086 4020 1156 4082 vita
1179 4029 1214 4082 et
1236 4022 1357 4084 anima.

240 4112 338 4178 Nunc
357 4113 435 4195 quia
451 4115 565 4178 omnia
580 4135 666 4197 quac
684 4111 858 4177 doctrinae
877 4123 965 4188 sunt,
985 4134 1022 4176 se
1040 4113 1186 4177 referunt
1206 4114 1248 4176 ad
1268 4114 1359 4178 bona

240 4226 326 4289 quae
345 4208 469 4271 amoris
491 4219 525 4272 et
549 4209 723 4273 charitatis
745 4219 822 4272 sunt
846 4219 881 4272 et
905 4211 947 4272 ad
967 4229 1047 4272 vera
1064 4229 1150 4292 quae
1173 4210 1358 4292 sapientiae

240 4309 275 4364 et
292 4299 370 4364 fidei
389 4311 479 4376 sunt,
498 4311 533 4366 et
551 4301 610 4366 illa
627 4303 717 4366 bona
735 4312 770 4366 et
789 4322 869 4365 vera
886 4302 1070 4366 secundum
1091 4302 1215 4384 gradus
1233 4304 1358 4366 ordinis

239 4394 372 4458 illorum
395 4405 473 4458 sunt
495 4395 666 4471 caelestia,
689 4396 873 4479 spiritualia
899 4407 934 4459 et
958 4395 1131 4471 naturalia,
1156 4397 1204 4460 ita
1226 4417 1358 4479 quoque

240 4489 354 4552 omnia
376 4488 495 4553 cultus.
555 4488 600 4553 Et
624 4491 702 4572 quia
728 4491 834 4572 primo
857 4490 934 4555 loco
955 4491 988 4554 in
1011 4487 1108 4554 versu
1131 4492 1358 4573 praecedente

241 4583 457 4646 nominantur
475 4583 658 4666 spiritualia
676 4581 860 4658 doctrinae,
880 4585 928 4649 ita
950 4583 1001 4648 hic
1021 4605 1154 4667 quoque
1174 4585 1359 4666 spiritualia
1404 4629 1406 4633 ,

241 4675 362 4754 cultus,
389 4697 474 4760 quae
500 4687 579 4742 sunt
607 4679 896 4756 “cinnamomum,
920 4677 1123 4755 suffimenta,-
1146 4681 1358 4762 pigmentum
