3384 5400
345 650 409 719 754
667 647 913 701 eruemus
936 650 1146 701 nevarum.

404 818 506 901 843·
531 831 616 899 [lars.
628 830 669 896 4]
694 815 758 879 ‘fe
775 816 835 880 eidi
844 816 980 891 timaee,
994 823 1029 880 et
1044 818 1250 881 comederunt
1260 837 1355 902 rupee
1371 818 1418 893 ir'r,
1432 826 1466 884 el

337 912 486 994 judicium
499 914 603 975 delum
613 918 666 976 eet
676 911 773 984 illie,¹'
783 910 951 992 significat
963 912 1053 995 quod
1063 932 1145 975 vera
1164 911 1276 985 Verbi,
1287 915 1462 977 senendum

345 1024 546 1085 quaeomnes
546 1004 755 1087 federantur,
766 1013 886 1083 aperta
895 1004 974 1077 sciet,
984 1013 1017 1065 et
1026 1004 1117 1085 quod
1124 1014 1199 1068 tunc
1209 1004 1338 1069 sublati
1346 1006 1415 1069 sint
1423 1027 1465 1069 ex

344 1097 502 1179 inferiore
512 1109 614 1175 terra,
626 1098 687 1180 qui
692 1120 714 1161 a
724 1097 865 1161 Domino
874 1097 1184 1177 reconditifuerunt,
1196 1120 1235 1161 ne
1242 1120 1264 1161 a
1275 1098 1426 1162 Dracone
1433 1110 1463 1163 et

343 1193 413 1275 q'us
424 1192 549 1256 Bestiis
560 1189 945 1273 reduceremur—Quod
962 1192 1045 1257 haec
1062 1191 1293 1273 significentur
1305 1213 1364 1275 per
1381 1194 1463 1258 haec

345 1286 459 1361 verba,
473 1297 526 1350 est
539 1287 616 1369 quia
631 1306 690 1369 per
704 1291 723 1318 “
735 1286 878 1350 thronos
886 1285 900 1309 ”
913 1306 1012 1367 super
1023 1287 1142 1367 quibus
1154 1287 1381 1351 consederunt
1395 1308 1462 1351 non

345 1380 579 1462 significantur
604 1381 728 1454 throni,
754 1380 814 1442 sed
837 1378 996 1459 judicium
1024 1380 1208 1443 secundum
1235 1400 1314 1443 vera
1338 1380 1463 1457 Verbi;

343 1476 435 1558 quod
452 1494 510 1556 per
523 1480 544 1508 ‘⁴
554 1476 697 1538 thronos
705 1474 720 1498 ’'
732 1474 823 1537 visos
838 1474 871 1535 in
889 1472 994 1537 Caelo
1009 1484 1281 1555 repraesentetur
1292 1474 1463 1555 judicium,

344 1570 499 1633 videatur
520 1588 620 1651 supra
644 1568 691 1650 (n.
714 1567 812 1649 229);
846 1568 937 1649 quod
968 1587 1035 1631 non
1059 1567 1149 1631 aliud
1180 1587 1239 1650 per
1263 1568 1463 1639 “thronos''

344 1682 444 1744 super
458 1662 578 1745 quibus
593 1662 820 1725 consederunt
836 1662 955 1742 viginti
972 1671 1116 1744 quatuor
1131 1660 1297 1737 Seniores,
1314 1672 1350 1725 et
1365 1682 1466 1745 super

344 1758 464 1840 quibus
494 1758 615 1819 sessuri
645 1767 724 1819 sunt
753 1756 932 1818 duodecim
961 1754 1133 1837 Apostoli,
1158 1766 1192 1819 et
1223 1757 1313 1839 quod
1343 1776 1464 1820 omnes

340 1850 533 1932 judicentur
551 1851 735 1914 secundum
754 1870 833 1913 vera
854 1848 968 1943 Verbi,
989 1849 1143 1913 videatur
1165 1850 1267 1913 etiam
1291 1872 1391 1933 supra
1415 1850 1463 1933 (n.

344 1944 442 2027 233):
475 1945 553 2008 inde
582 1954 690 2027 patet,
721 1945 811 2026 quod
844 1964 904 2026 per
930 1944 1114 2024 “judicium
1144 1945 1262 2009 datum
1293 1956 1345 2009 est
1376 1946 1465 2009 illis”

343 2038 552 2121 significetur
573 2039 664 2121 quod
690 2037 850 2119 judicium
873 2039 991 2102 datum
1017 2039 1061 2101 sit
1091 2040 1178 2102 veris
1202 2039 1315 2103 Verbi.
1361 2038 1464 2121 Quod

344 2136 412 2197 sint
435 2134 490 2215 qui
512 2154 558 2196 ex
580 2132 734 2196 inferiore
755 2142 844 2195 terra
867 2151 887 2194 a
910 2131 1059 2194 Domino
1078 2133 1201 2196 sublati
1224 2144 1303 2197 sunt
1326 2134 1359 2196 in
1376 2133 1464 2198 Cae-

344 2226 425 2301 lum,
445 2227 500 2308 qui
522 2228 652 2290 interea
674 2226 719 2289 ibi
741 2226 908 2290 reconditi
931 2237 1020 2301 sunt,
1045 2246 1088 2290 ne
1110 2248 1130 2289 a
1154 2227 1311 2291 Dracone
1333 2238 1369 2293 et
1393 2229 1464 2311 ejus

344 2321 468 2384 Bestiis
487 2322 738 2395 seducerentur,
758 2331 811 2383 est
830 2320 907 2401 quia
926 2320 1047 2384 dicitur
1065 2321 1108 2383 de
1133 2322 1337 2386 “animabus
1356 2326 1464 2387 securi

343 2435 577 2498 percussorum
586 2414 601 2439 '²
611 2424 647 2478 et
659 2416 702 2478 de
716 2421 734 2447 “
744 2413 914 2489 mortuis‚”
925 2423 961 2477 ut
974 2414 1122 2496 sequitur
1134 2436 1141 2493 ;
1159 2435 1226 2478 non
1237 2417 1327 2498 quod
1340 2420 1466 2481 mortui

343 2520 459 2573 essent
482 2510 555 2583 sibi,
578 2508 640 2573 sed
669 2508 751 2571 aliis.
797 2507 910 2572 Locus
935 2509 989 2572 ubi
1019 2510 1185 2574 reconditi
1207 2520 1296 2585 sunt,
1321 2522 1465 2576 vocatur

343 2604 448 2667 Terra
467 2604 609 2678 inferior,
629 2624 716 2685 quae
734 2605 889 2685 proxime
908 2624 1006 2684 supra
1025 2604 1152 2667 inferna
1170 2615 1234 2679 est,
1252 2606 1314 2667 sub
1332 2605 1464 2670 Mundo

342 2700 529 2781 spirituum,
549 2709 584 2762 et
607 2700 652 2761 ibi
675 2719 734 2780 per
757 2698 1100 2762 communicationem
1120 2719 1197 2762 cum
1217 2698 1322 2764 Caelo
1345 2710 1381 2764 et
1405 2722 1464 2782 per

343 2790 615 2872 conjunctionem
649 2812 726 2855 cum
759 2792 908 2855 Domino
942 2803 1020 2856 sunt
1055 2794 1088 2854 in
1125 2803 1211 2857 tuto.
1256 2794 1355 2858 Talia
1387 2794 1464 2859 loca

342 2896 421 2949 sunt
445 2886 550 2969 plura,
570 2896 605 2949 et
629 2887 673 2949 ibi
696 2888 784 2950 inter
806 2907 843 2950 se
866 2889 983 2950 vivunt
1007 2887 1165 2962 hilariter,
1190 2897 1225 2952 et
1248 2888 1368 2953 colunt
1392 2890 1463 2954 Do-

342 2982 482 3054 minum,
506 3001 568 3046 nec
592 2981 704 3045 sciunt
727 2980 852 3063 aliquid
874 2981 917 3044 de
942 2981 1085 3044 Inierno.
1131 2981 1185 3045 Illi
1214 2983 1270 3065 qui
1300 2983 1345 3046 ibi
1371 2996 1462 3058 sunt,

342 3087 421 3158 post
445 3075 613 3139 Ultimum
635 3074 802 3155 Judicium
824 3095 885 3157 per
906 3076 998 3140 vices
1020 3075 1197 3140 elevantur
1222 3077 1256 3139 in
1279 3075 1421 3142 Caelum
1444 3101 1464 3142 a

343 3169 511 3247 Domino;
543 3178 578 3233 et
608 3170 745 3252 quando
774 3169 962 3244 elevantur,
995 3179 1212 3234 removentur
1240 3171 1288 3235 illi
1318 3173 1385 3254 qui·
1404 3195 1464 3256 per

344 3270 364 3296 “
374 3262 567 3327 Draconem
575 3262 590 3287 ’‘
603 3264 846 3344 intelliguntur.
893 3263 1020 3326 Datum
1034 3274 1087 3327 est
1101 3266 1233 3347 saepius
1245 3265 1358 3329 videre
1371 3267 1463 3350 quod

342 3357 467 3421 sublati
489 3359 568 3432 sint,
592 3368 628 3421 et
651 3359 839 3422 consociati
862 3357 994 3439 angelis
1017 3359 1049 3420 in
1074 3357 1188 3422 Cael0.
1234 3357 1311 3423 Hoc
1334 3361 1463 3425 intelli-

266 3461 269 3466 ’
342 3454 433 3533 gitur
456 3453 488 3515 in
507 3451 625 3515 Verbo
648 3471 707 3533 per
724 3452 815 3535 quod
836 3451 1043 3534 “sepulchra
1060 3462 1179 3536 aperta
1197 3453 1295 3530 sint,”
1313 3463 1348 3518 et
1371 3458 1463 3540 quod

344 3546 497 3609 “mortui
515 3545 786 3610 resurrexerint.”

402 3648 506 3731 84⁶.
535 3646 599 3709 “ft
617 3645 736 3710 unimur
755 3647 866 3710 securi
878 3666 1099 3729 perveterum
1115 3653 1242 3730 prepter
1261 3649 1463 3714 testimonium

341 3745 431 3814 decu,
445 3747 480 3806 et
486 3746 614 3822 perplui·
628 3740 752 3803 Verbum
767 3740 858 3814 aar?
872 3740 1039 3822 significat
1054 3743 1189 3824 rqeclos
1204 3742 1246 3805 ab
1261 3742 1335 3807 illis
1350 3746 1413 3826 qni
1426 3747 1462 3810 in

332 3836 444 3918 salsis
472 3854 515 3896 ex
538 3832 683 3915 propria
704 3833 923 3915 intelligentia
944 3844 1033 3906 sunt,
1057 3834 1137 3916 qnia
1157 3834 1326 3898 coluerunt
1345 3835 1463 3900 Domi·

341 3949 430 4004 num,
449 3938 482 3991 et
502 3929 661 3991 vr'ererunt
681 3928 857 3991 secundum
879 3949 960 3991 vera
986 3927 1089 3991 Verbi
1106 3928 1340 4009 Ipsius-Per
1361 3934 1462 3994 “ani-

342 4043 416 4087 mas
451 4023 559 4086 securi
594 4041 828 4104 percussorum
864 4031 1003 4105 propter
1038 4023 1271 4085 testimonium
1305 4022 1385 4103 Jesu
1427 4035 1462 4088 et

341 4127 480 4200 propter
498 4117 637 4179 verbum
661 4115 747 4179 Dei”
765 4115 1002 4199 intelliguntur
1023 4117 1177 4182 homines
1201 4127 1278 4198 post
1303 4127 1461 4193 mortem,

341 4213 398 4294 qui
421 4221 501 4275 tunc
524 4219 691 4274 vocantur
712 4211 858 4292 spiritus,
879 4230 938 4272 seu
961 4211 1115 4274 homines
1134 4210 1296 4292 spirituali
1320 4231 1462 4294 corpore

341 4306 461 4380 induti,
477 4306 533 4387 qui
548 4325 568 4368 a
588 4304 737 4367 Domino
754 4305 788 4366 in
804 4304 948 4367 inferiori
964 4315 1053 4367 terra
1070 4304 1234 4368 occultati
1250 4316 1339 4379 sunt,
1357 4327 1462 4390 usque

342 4399 422 4462 dum
452 4418 511 4481 per
533 4397 702 4462 Ultimum
724 4396 890 4479 Judicium
920 4399 1042 4461 remoti
1072 4407 1151 4462 sunt
1174 4398 1272 4461 mali:
1305 4400 1462 4464 dicuntur

269 4499 276 4512 '
344 4496 479 4557 “securi
546 4491 680 4568 rcussi,”
697 4493 775 4576 quia¹
792 4489 907 4573 rejecti
929 4493 973 4556 ab
995 4492 1134 4576 illisqui
1156 4493 1190 4556 in
1208 4492 1300 4558 salsis
1318 4513 1364 4558 ex
1383 4515 1460 4577 pro-

342 4589 413 4672 pria
435 4514 663 4670 intelligentia
692 4598 782 4664 sunt,
806 4587 862 4670 qui
892 4597 970 4650 sunt
1001 4607 1120 4651 omnes
1149 4589 1204 4671 qui
1234 4587 1266 4650 in
1298 4589 1395 4654 malis
1425 4598 1461 4654 et
