3384 5400
314 705 375 774 594
633 701 882 756 Arocnuvrsrs
904 701 1115 754 neumare.

311 893 379 938 non
398 873 529 956 fugiunt
545 871 634 937 mala
653 882 690 937 ut
710 883 862 956 peccata,
879 891 941 936 nec
960 871 1154 935 immediate
1169 869 1296 936 adeunt
1313 870 1431 935 Domi·

310 987 389 1030 num
402 989 410 1044 ;
434 975 536 1051 quare
548 969 574 1030 si
590 968 736 1050 genuina
747 988 828 1030 vera
841 965 946 1030 Verbi
959 967 1157 1049 reciperent,
1171 965 1431 1029 commiscerent

309 1061 367 1125 illa
383 1062 479 1125 malis
491 1063 581 1125 vitae
597 1083 676 1125 suae
690 1084 697 1140 ;
717 1062 806 1128 unde
818 1062 960 1125 oriretur
972 1060 1196 1143 prophanatio
1207 1057 1333 1123 sancti:
1353 1059 1433 1123 ideo

309 1157 398 1220 inter
424 1155 518 1238 leges
543 1156 783 1231 PermissioniS,
812 1176 899 1239 quae
925 1157 1028 1218 etiam
1058 1163 1136 1216 sunt
1163 1153 1258 1235 leges
1288 1153 1432 1217 Divinae

310 1250 556 1327 Providentiae,
569 1261 632 1327 est,
646 1261 682 1314 ut
698 1249 746 1314 illi
762 1272 807 1314 ex
824 1271 861 1313 se
878 1247 1055 1312 falsificent
1071 1267 1161 1323 vera,
1178 1267 1217 1311 ac
1233 1249 1267 1310 in
1283 1257 1429 1323 tantum,

310 1354 473 1428 quantum
500 1345 532 1406 in
559 1344 655 1408 malis
678 1345 768 1409 vitae
791 1353 880 1408 sunt.
939 1342 1039 1425 Quod
1068 1341 1190 1406 Divina
1217 1342 1430 1406 Providentia

310 1441 365 1512 sit,
384 1440 494 1521 utqui
517 1440 549 1502 in
569 1438 666 1502 malis
685 1440 776 1504 vitae
795 1449 885 1514 sunt,
906 1458 974 1501 non
993 1437 1060 1501 sint
1080 1437 1141 1499 nisi
1159 1455 1260 1520 quam
1282 1437 1316 1499 in
1339 1436 1430 1500 falsis

310 1529 493 1608 doetrinae,
510 1533 555 1597 ob
573 1553 707 1597 causam
728 1553 771 1596 ne
790 1532 1043 1615 prophanentur
1062 1530 1185 1594 Divina
1200 1529 1293 1594 Vera
1311 1530 1428 1606 Verbi,

310 1626 463 1690 videatur
488 1629 521 1691 in
548 1625 722 1709 Sapientia
743 1626 905 1709 Angelica
926 1626 966 1689 de
990 1623 1118 1689 Divina
1138 1619 1357 1689 Providentia
1381 1624 1428 1708 (n.

310 1736 466 1802 221-233,
486 1730 522 1785 et
541 1735 601 1803 257
620 1720 702 1804 fin).

369 1817 468 1900 687.
494 1827 577 1895 [Vm.
591 1827 630 1894 6.]
655 1824 674 1853 ¹¹
683 1816 759 1888 duic
772 1817 953 1900 euopuimm
967 1816 1149 1880 tremorum
1162 1822 1197 1879 et
1213 1815 1430 1898 erepturam

310 1906 519 1979 emtarum?
543 1905 710 1988 significat
738 1907 830 1970 illud
848 1916 992 1989 propter
1014 1927 1161 1980 causam,
1186 1905 1269 1987 quia
1296 1907 1428 1970 unicum

309 1997 403 2074 illud,
423 1997 512 2081 quod
525 1997 597 2062 sola
614 1997 714 2062 Fides
732 1998 855 2080 absque
875 1997 1037 2080 Operibus
1059 1996 1160 2079 Legis
1182 1997 1301 2071 salvet,
1321 2008 1428 2079 recep·

309 2103 379 2157 tum
390 2091 555 2174 pervertit
568 2091 677 2164 omnia
692 2091 892 2155 doitrinalia
907 2114 987 2156 vera
1001 2113 1043 2159 ex
1062 2090 1282 2155 Verba—Per
1295 2090 1427 2155 “effun-

310 2187 390 2250 dere
402 2187 599 2267 sanguinem
607 2185 622 2212 '’
634 2185 840 2267 significatur
852 2186 905 2250 hic
921 2184 973 2267 (ut
985 2206 1094 2267 supra,
1108 2203 1139 2247 n.
1149 2184 1239 2267 684),
1253 2183 1428 2250 falsificare

310 2302 389 2344 vera
408 2279 523 2354 Verbi,
540 2282 588 2344 ita
605 2291 797 2363 pervertere
815 2280 893 2357 illa;
917 2300 976 2362 per
993 2286 1011 2313 “
1022 2277 1181 2344 sand'tos”
1197 2279 1428 2361 significantur

310 2375 357 2438 illi
376 2376 431 2457 qui
453 2376 485 2437 in
504 2375 590 2438 veris
608 2376 642 2436 in
662 2374 816 2439 Ecclesia
835 2384 924 2449 sunt,
943 2375 991 2437 ita
1010 2395 1142 2457 quoque
1160 2371 1332 2437 abstracte
1348 2395 1429 2439 vera

310 2468 485 2532 Ecclesiae
513 2467 559 2551 (n.
585 2467 681 2550 586);
712 2488 772 2551 per
795 2467 1030 2551 “prophetas'’
1056 2466 1287 2550 significantur
1312 2470 1369 2551 qui
1394 2469 1427 2532 in

310 2561 549 2626 dobtrinalibus
561 2582 605 2625 ex
617 2561 733 2626 Verbo
745 2571 833 2638 sunt,
845 2563 892 2625 ita
903 2582 1035 2645 quoque
1045 2558 1217 2626 abstrad‘te
1229 2558 1429 2626 dodtrinalia

310 2679 355 2723 ex
375 2655 491 2721 Verbo
512 2653 558 2738 (n.
582 2671 593 2719 ι
600 2655 666 2739 33).

223 2764 224 2769 ’
252 2766 254 2771 “
370 2758 474 2825 688.
501 2757 567 2821 *tr
587 2758 765 2841 carpetam
789 2758 836 2822 eir
856 2759 968 2823 deditii
988 2759 1101 2832 bibere,
1124 2759 1196 2841 quic
1219 2758 1305 2842 tiqui
1320 2760 1429 2833 runtl'

310 2850 478 2933 significat
500 2850 589 2933 quod
610 2870 652 2913 ex
674 2849 802 2914 Dive'na
826 2850 1045 2915 Providentib
1070 2850 1208 2915 Domini
1225 2852 1429 2933 permissum

306 2945 414 3027 fiterit
427 2944 506 3019 illis,
520 2942 580 3027 qui
591 2944 627 3007 in
642 2944 714 3008 sola
728 2944 812 3008 Fide
824 2954 857 3007 et
870 2945 1021 3009 dot‘brina
1034 2955 1067 3008 et
1080 2945 1152 3009 vita
1166 2966 1203 3009 se
1215 2945 1428 3029 confirmave-

311 3048 399 3115 runt,
402 3036 593 3123 falsificare
602 3059 683 3102 vera
700 3037 807 3115 Verbi,
820 3048 853 3102 et
862 3039 1006 3103 imbuere
1014 3040 1120 3103 vitam
1130 3061 1173 3103 ex
1174 3039 1430 3123 falsificatis.-

312 3134 373 3197 Per
397 3132 539 3196 “bibere
561 3134 759 3215 sanguinem
769 3132 784 3157 ''
807 3133 1014 3215 significatur
1036 3154 1104 3197 non
1127 3134 1230 3197 modo
1253 3134 1429 3200 falsificare

311 3248 391 3291 vera
408 3225 524 3301 Verbi,
544 3228 603 3290 sed
627 3228 729 3291 etiam
752 3227 902 3291 imbuere
924 3230 1030 3292 vitam
1052 3250 1097 3291 ex
1120 3228 1322 3305 falsificatis,
1349 3248 1428 3293 nam

311 3321 367 3405 qui
392 3321 487 3397 bibit,
511 3322 705 3404 appropriat
727 3322 789 3384 sibi
812 3330 847 3385 et
870 3322 998 3385 imbuit,
1054 3321 1185 3387 Dicitur
1208 3324 1313 3405 “quia
1335 3323 1429 3406 digni

311 3414 419 3489 sunt,'’
446 3434 616 3478 excausa
642 3416 719 3497 quia
747 3415 794 3478 illi
822 3416 878 3498 qui
905 3417 1069 3498 recipiunt
1096 3415 1204 3479 solam
1234 3416 1365 3493 Fidem,
1393 3430 1428 3482 et

311 3510 428 3572 vivunt
457 3509 639 3571 secundum
670 3508 835 3584 illam,-in
867 3508 964 3573 malis
996 3520 1076 3575 sunt
1105 3510 1216 3592 quoad
1245 3512 1362 3588 vitam,
1392 3523 1431 3579 et

312 3601 437 3666 malum
456 3601 489 3665 id
510 3601 597 3685 apud
616 3623 675 3666 eos
693 3614 872 3685 operatur;
895 3614 930 3667 et
949 3603 992 3667 de
1010 3603 1074 3667 illis
1092 3605 1147 3687 qui
1170 3606 1203 3666 in
1223 3604 1319 3668 malis
1338 3616 1428 3682 sunt,

312 3697 432 3760 dicitur
450 3696 503 3759 hic
524 3697 642 3779 “quod
661 3696 754 3779 digni
777 3697 874 3771 sint,'’
892 3699 978 3761 sicut
1001 3700 1034 3761 in
1057 3698 1193 3773 mundo,
1213 3700 1268 3781 qui
1291 3710 1430 3782 propter

312 3788 490 3854 malesadta
512 3792 700 3873 puniuntur.
746 3791 799 3855 De
822 3791 944 3855 Divina
967 3792 1182 3855 Providentia
1203 3794 1291 3856 circa
1313 3794 1357 3869 id,
1379 3796 1429 3857 vi-

311 3886 432 3949 deatur
450 3904 549 3967 supra
569 3883 616 3967 (n.
634 3882 723 3967 686).
958 3967 961 3974 Ι

371 3979 476 4061 689.
502 3990 586 4058 [Vm.
600 3991 637 4058 7.]
663 3980 729 4043 ‘fe
746 3980 850 4043 audiri
866 3982 957 4044 ulium
978 4000 1019 4045 er
1036 3982 1143 4055 Aburi,
1158 3981 1318 4056 dicentem,
1333 3984 1431 4047 flium

313 4071 435 4133 uomina
456 4071 538 4133 baur
560 4070 760 4153 Omnipotens,
776 4092 849 4135 rere
870 4078 904 4135 et
915 4072 1004 4155 jutia
1013 4072 1132 4155 judicic
1149 4073 1247 4146 rrae
1262 4074 1429 4155 significat

311 4162 471 4226 Divinum
488 4161 615 4225 Bonum
639 4162 740 4227 Verbi
753 4164 952 4249 confirmans
971 4164 1130 4228 Dr'vr’rem
1156 4164 1275 4229 Verum
1293 4165 1431 4229 iilud.—

313 4256 375 4320 Per
392 4256 552 4331 “alium'’
564 4275 685 4339 nempe
702 4257 887 4339 Angelum,
900 4257 1107 4340 significatur
1122 4260 1280 4323 Divinum
1298 4260 1429 4324 Bonum

312 4348 437 4427 Verbi3
472 4370 531 4432 per
558 4350 760 4433 “Angelum
770 4352 784 4377 ”
811 4352 1019 4434 significatur
1046 4352 1203 4416 Divinum
1231 4374 1251 4417 a
1282 4353 1430 4419 Domino

314 4442 361 4525 (n.
373 4458 445 4524 415,
457 4440 546 4525 6313]
557 4444 635 4527 633)
649 4467 657 4524 ;
676 4456 711 4509 et
727 4466 786 4529 per
800 4446 1002 4529 “Angelum
1018 4467 1062 4511 ex
1076 4446 1211 4511 Altari”
1224 4448 1431 4530 significatur

313 4538 470 4601 Divinum
500 4538 630 4602 Bonum
658 4539 795 4603 Amoris
824 4538 871 4622 (n.
898 4538 998 4623 648);
1030 4541 1083 4605 hic
1111 4541 1269 4604 Divinum
1298 4542 1429 4605 Bonum

312 4631 428 4707 Verbi,
445 4634 579 4715 quiade
596 4632 712 4698 Verbo
730 4635 839 4698 adhuc
858 4636 979 4717 agitur,
998 4639 1033 4699 et
1053 4637 1129 4721 quia
1147 4655 1207 4719 per
1227 4636 1428 4719 “Angelum
