3384 5400
514 702 593 754 cna.
609 702 698 764 xx1.‚
714 696 817 753 vans.
833 700 964 751 20.-N.
980 702 1052 769 915.
1281 688 1342 768 823

222 872 281 946 lus,
296 890 406 935 aarum
427 870 575 952 topazius
591 869 738 933 decimum
758 868 995 953 chrysoprasus,
1010 866 1199 932 undecimum
1216 867 1345 951 hyacin-

222 965 520 1040 &callentissimus
529 962 931 1047 amethystus,''significat
942 964 1055 1028 omnia
1064 962 1237 1057 doitrinae
1245 962 1343 1027 illius

220 1084 263 1125 ex
288 1060 392 1126 Verbi
407 1061 514 1126 Sensu
532 1060 650 1124 literas
670 1060 706 1123 in
727 1080 787 1123 suo
806 1057 922 1123 ordine
939 1058 1037 1139 apud
1054 1058 1129 1123 illos
1151 1059 1211 1141 qui
1230 1059 1343 1123 imme-

221 1155 312 1220 diate
346 1156 470 1220 adeunt
508 1154 696 1231 Dominum,
731 1162 765 1217 et
806 1151 927 1217 vivunt
959 1152 1135 1217 secundum
1164 1162 1346 1235 praecepta

219 1249 382 1333 Deculogi
390 1250 555 1333 fugiendo
577 1248 668 1313 mala
688 1257 726 1312 ut
740 1256 899 1330 peccata,·
930 1246 971 1311 ln·
986 1246 1072 1311 enim
1093 1258 1125 1311 et
1145 1268 1209 1311 non
1227 1248 1291 1312 alii
1309 1249 1345 1312 r'n

221 1345 373 1409 donata
395 1344 521 1408 amon's
543 1344 578 1406 in
600 1342 717 1419 Deum,
736 1352 769 1405 et
790 1341 916 1405 amoris
938 1362 1021 1423 erga
1037 1341 1232 1424 proximum
1254 1352 1342 1417 sunt,

220 1461 305 1522 quae
326 1438 391 1503 duo
411 1447 491 1502 sunt
504 1436 730 1518 fundamenta
751 1434 1079 1518 relegatis-Quod
1103 1456 1162 1519 per
1186 1437 1344 1500 “duode-

221 1536 289 1597 cim
307 1533 529 1597 sundamenta
543 1533 628 1596 muri
636 1532 651 1556 ”
666 1530 899 1613 significentur
915 1531 1028 1594 omnia
1044 1528 1218 1595 doctrinae
1235 1550 1344 1594 novae

222 1626 485 1709 Hierosolymae
512 1648 557 1691 ex
580 1624 689 1691 Sensu
712 1625 831 1689 literae
854 1624 971 1701 Verbi,
994 1625 1149 1690 videatur
1172 1646 1272 1709 supra
1297 1624 1343 1707 (n.

219 1738 294 1803 902,
311 1720 410 1803 914);
439 1722 530 1805 quod
552 1740 612 1803 per
632 1719 791 1802 “lapides
809 1720 977 1802 pretiosos
985 1718 1000 1744 '³
1019 1720 1052 1782 in
1071 1740 1197 1802 genere
1217 1718 1345 1801 signifi-

221 1827 343 1880 centur
365 1818 479 1879 omnia
501 1834 582 1879 vera
604 1812 778 1878 doctrinae
804 1834 850 1876 ex
873 1811 991 1877 Verbo
1013 1814 1259 1879 translucentia
1286 1835 1345 1898 per

221 1908 368 1974 Sensum
390 1910 599 1994 spiritualem
624 1908 739 1992 (supra
762 1928 794 1971 n.
817 1924 890 1988 231,
917 1922 987 1989 540,
1011 1908 1082 1990 726,
1107 1905 1195 1991 9119]
1217 1906 1344 1993 914¹¹¹);

220 2005 276 2069 hic
304 2025 364 2088 per
390 2004 577 2089 quemlibet
600 2003 749 2087 lapidem
772 2002 981 2085 significatur
1003 2002 1140 2086 aliquod
1167 2024 1284 2069 verum
1311 2006 1345 2068 in

220 2101 337 2183 specie
367 2101 415 2163 ita
441 2099 665 2163 translucens.
711 2096 813 2179 Quod
841 2096 993 2161 Verbum
1023 2098 1056 2161 in
1087 2096 1195 2161 Sensu
1226 2097 1345 2163 literae

220 2194 336 2276 quoad
365 2190 565 2259 doctrinalia
594 2192 665 2274 ejus
694 2193 961 2274 correspondeat
992 2191 1158 2274 lapidibus
1188 2195 1345 2275 pretiosis

220 2289 334 2353 omnis
360 2290 505 2371 generis,
528 2289 684 2352 videatur
710 2288 743 2349 in
770 2286 933 2350 Dolirina
958 2286 1075 2349 Novae
1097 2286 1347 2369 Hierosolymae

219 2382 262 2446 de
296 2382 480 2464 Scriptura
513 2381 620 2446 Sacra
657 2380 704 2464 (n.
726 2378 886 2463 43-45ffl).
929 2378 1016 2445 Sunt
1048 2381 1117 2445 duo
1146 2382 1278 2445 colores
1310 2384 1345 2447 in

220 2497 360 2559 genere,
380 2477 436 2561 qui
458 2478 492 2541 in
512 2466 680 2559 lapidibus
699 2476 855 2558 pretiosis
874 2475 1058 2558 pellucent,
1079 2475 1174 2540 color
1192 2477 1291 2540 ruber
1309 2488 1345 2542 et

220 2570 320 2635 color
335 2571 517 2650 candidus;
541 2570 658 2655 reliqui
674 2570 817 2645 colores,
835 2580 872 2635 ut
892 2571 1014 2646 viridis,
1029 2570 1144 2647 flavus,
1159 2571 1343 2647 caeruleus,

220 2675 257 2730 et
283 2664 395 2747 plures
413 2665 480 2740 alii,
500 2674 579 2729 sunt
597 2664 778 2748 compositi
799 2685 844 2728 ex
867 2662 943 2740 illis,
965 2664 1137 2729 mediante
1160 2664 1277 2748 nigr‘03
1309 2676 1345 2731 et

222 2780 284 2844 per
302 2759 452 2824 colorem
470 2761 606 2824 rubrum
625 2760 834 2842 significatur
852 2759 979 2824 bonum
998 2761 1133 2834 amoris,
1154 2771 1189 2824 et
1209 2781 1268 2843 per
1286 2781 1345 2826 co·

222 2855 333 2918 lorem
348 2854 530 2918 candidum
546 2853 755 2936 significatur
766 2872 883 2918 verum
899 2855 1095 2936 sapientiae.
1134 2854 1235 2937 Quod
1252 2855 1347 2920 color

221 2949 324 3012 ruber
339 2948 507 3031 significet
525 2949 652 3012 bonum
671 2950 805 3024 amoris,
823 2958 877 3013 est
895 2949 973 3032 quia
991 2949 1096 3012 trahit
1115 2951 1281 3032 originem
1301 2972 1345 3014 ex

222 3043 304 3125 igne
323 3043 414 3118 solis,
432 3053 468 3107 et
486 3043 574 3124 ignis
589 3040 678 3107 Solis
694 3043 810 3107 mundi
828 3042 1010 3126 spiritualis
1028 3053 1082 3107 est
1100 3044 1135 3106 in
1154 3065 1214 3107 sua
1230 3065 1347 3108 essen·

222 3138 274 3200 tia
300 3136 442 3200 Divinus
468 3136 579 3200 Amor
605 3136 754 3212 Domini,
782 3138 832 3200 ita
861 3137 987 3200 bonum
1015 3139 1158 3216 amoris;
1192 3148 1228 3203 et
1255 3140 1346 3222 quod

223 3231 320 3295 color
338 3231 501 3295 candidus
521 3230 690 3313 significet
709 3250 825 3295 verum
848 3232 1045 3314 sapientiae,
1066 3242 1120 3295 est
1140 3234 1218 3314 quia
1241 3234 1346 3298 trahit

223 3326 391 3407 originem
410 3346 455 3389 ex
474 3324 549 3389 luce
567 3346 653 3408 quae
671 3326 825 3409 procedit
843 3347 889 3389 ex
907 3327 986 3408 igne
1005 3325 1093 3390 illius
1112 3323 1211 3400 Solis,
1232 3337 1267 3390 et
1287 3325 1347 3391 lux

223 3420 284 3487 illa
311 3420 500 3503 procedens
529 3429 583 3483 est
612 3419 646 3482 in
676 3439 737 3484 sua
766 3419 915 3484 essentia
941 3418 1064 3483 Divina
1091 3417 1275 3503 Sapientia,
1298 3421 1347 3485 ita

223 3533 343 3578 verum
369 3513 576 3596 sapientiae:
611 3523 646 3578 et
676 3514 810 3596 nigrum
836 3514 939 3578 trahit
967 3515 1131 3596 originem
1158 3534 1203 3577 ex
1231 3516 1348 3580 umbra

223 3609 372 3684 illorum,
399 3626 485 3690 quae
511 3617 564 3671 est
590 3607 793 3690 ignorantia.
838 3605 914 3671 Sed.
934 3606 1148 3689 singulariter
1175 3608 1347 3691 explicare

224 3701 305 3786 quid
329 3702 409 3764 boni
430 3711 467 3764 et
488 3701 568 3784 quid
585 3703 655 3764 veri
674 3700 883 3784 significatur
901 3721 959 3784 per
979 3701 1165 3784 quemlibet
1188 3700 1346 3784 lapidem.

224 3797 325 3860 nimis
351 3794 520 3877 prolixum
546 3795 652 3873 loret;
686 3805 723 3859 at
753 3815 858 3878 usque
885 3806 921 3860 ut
949 3797 1074 3859 sciatur
1099 3795 1179 3878 quid
1205 3795 1286 3860 boni
1312 3809 1348 3861 et

223 3891 296 3955 veri
318 3890 545 3972 unusquisque
567 3889 651 3973 lapis
678 3891 712 3952 in
734 3890 799 3954 hoc
823 3890 941 3954 ordine
964 3888 1144 3971 significat,
1168 3890 1347 3955 videantur

224 4004 313 4067 quae
336 4003 436 4065 supra
455 3981 543 4065 (cap.
559 3983 613 4047 vii.
631 4003 653 4046 a
669 4003 768 4047 versu
787 3997 801 4065 5
819 3984 863 4047 ad
879 3985 918 4062 83
942 4003 973 4046 n.
994 3981 1154 4065 349-361)
1174 3984 1349 4066 explicata

224 4088 318 4152 sunt,
347 4076 401 4141 ubi
433 4077 476 4140 de
508 4077 688 4140 duodecim
715 4077 884 4142 Tribubus
911 4077 1046 4141 Israelis
1075 4079 1205 4159 agitur;
1240 4078 1347 4142 simile

224 4171 318 4236 enim
350 4171 404 4234 hic
437 4170 644 4253 significatur
676 4192 736 4254 per
767 4171 954 4254 quemlibet
987 4170 1133 4254 lapidem
1166 4172 1257 4254 quod
1290 4192 1349 4254 per

224 4265 415 4350 quamlibet
433 4265 573 4328 Tribum
595 4265 641 4328 ibi
663 4267 886 4340 nominatam,
907 4267 1065 4349 quoniam
1088 4284 1147 4347 per
1168 4265 1349 4329 duodecim

226 4361 350 4426 Tribus
372 4360 417 4423 ibi
440 4359 627 4441 descriptas
645 4358 799 4423 similiter
817 4359 1050 4442 significantur
1068 4359 1181 4421 omnia
1199 4358 1289 4422 bona
1312 4369 1348 4424 et

225 4477 309 4522 vera
338 4453 513 4518 Ecclesiae
543 4463 580 4518 et
609 4451 783 4518 doctrinae
812 4453 883 4536 ejus
915 4455 949 4518 in
981 4474 1043 4517 suo
1072 4453 1208 4532 ordine;
1246 4473 1349 4536 quare

226 4553 334 4615 etiam
363 4549 485 4612 dicitur
513 4549 547 4612 in
576 4548 642 4612 hoc
674 4550 788 4631 capite
821 4547 923 4631 (vers.
958 4547 1010 4630 14)
1040 4548 1131 4631 quod
1163 4550 1197 4611 in
1229 4547 1348 4610 sunda·

226 4644 354 4709 mentis
389 4642 441 4706 his
476 4641 656 4707 duodecim
691 4643 818 4726 scripta
850 4652 966 4707 essent
999 4641 1137 4706 nomina
1169 4641 1348 4706 duodecim
