3384 5400
377 634 438 713 838
694 642 941 695 ιιοοιιιιειε
964 643 1174 694 navatam.

508 810 602 865 sitim
615 815 707 870 renni.
719 826 753 863 oo
765 812 855 863 rolens
865 809 978 877 ιιιίρὶιι
986 824 1079 877 nouam
1094 810 1161 864 ιὶιιιι
1189 810 1287 869 ιιιῐι,”
1298 810 1421 875 significat
1431 813 1496 877 quod

508 880 555 943 qui
569 880 615 927 scit
630 880 732 943 aliquid
748 880 780 928 cie
794 880 916 927 Adventu
933 878 1050 936 Domini,
1067 886 1091 927 el
1105 879 1136 926 de
1180 894 1227 927 ooo
1247 878 1318 927 Caelo
1335 886 1358 927 el
1373 880 1403 927 de
1419 880 1493 927 Nova

508 945 629 1006 Ecclesia,
641 947 678 993 ila
695 947 725 993 de
741 945 828 1009 Regno
838 945 957 1003 Domini,
969 951 1021 993 orel
1036 952 1066 993 ul
1076 944 1182 1001 venial:
1199 951 1224 993 el
1233 946 1300 1009 qual
1314 945 1361 1009 qui
1375 946 1496 994 desiderat

508 1028 579 1069 vera,
591 1019 644 1060 oret
653 1019 683 1060 ul
693 1011 823 1060 Dominus
833 1027 890 1059 cum
901 1012 956 1060 luce
966 1012 1070 1067 veniat:
1087 1018 1111 1059 el
1121 1011 1168 1075 qui
1182 1018 1254 1059 amni
1263 1026 1333 1070 vera,
1344 1018 1406 1059 lecnc
1416 1020 1493 1075 accep-

507 1086 582 1127 turus
591 1079 626 1127 sil
635 1079 681 1127 illa
692 1094 709 1125 a
720 1078 833 1127 Domino
843 1078 933 1142 absquae
942 1094 989 1125 suo
1000 1086 1073 1143 opera
1087 1077 1126 1143 [n.
1139 1076 1214 1143 956].

379 1172 417 1223 18.
442 1181 454 1201 ·
463 1171 597 1224 cannono
608 1171 675 1224 onim
686 1171 756 1223 omni
765 1170 883 1224 ordienti
894 1170 971 1225 reeta
980 1170 1131 1238 prophanus
1142 1170 1212 1223 titre·
1219 1170 1305 1238 iujos,
1317 1186 1343 1223 ιι
1353 1169 1413 1248 quis
1423 1172 1494 1224 oidi-

509 1238 577 1289 dorit
585 1238 623 1291 ud
630 1239 703 1296 noos.
715 1238 796 1290 odiat
805 1238 876 1290 vous
886 1252 967 1303 sopor
977 1238 1049 1289 illum
1064 1240 1158 1305 ρΙιριι
1169 1238 1282 1303 corcyras
1299 1238 1325 1290 lo
1337 1236 1409 1291 libro
1420 1239 1495 1297 hocf·

509 1304 632 1365 significat
643 1306 711 1369 quod
719 1306 766 1369 qui
779 1306 868 1369 legunt
877 1312 901 1352 et
910 1306 994 1353 sciunt
1004 1321 1065 1353 vera
1077 1305 1208 1353 doclrinoe
1223 1304 1301 1370 liujiu
1311 1305 1388 1354 libri
1400 1322 1471 1354 nunc
1481 1323 1496 1353 a

508 1372 621 1421 Domino
636 1372 726 1435 aperti,
738 1379 761 1419 el
776 1387 853 1435 usque
868 1378 1008 1435 agrioscicnl
1023 1372 1104 1419 alium
1122 1371 1207 1421 Deum
1218 1388 1295 1436 quam
1312 1371 1465 1429 Dominum,
1476 1380 1498 1420 el

508 1438 669 1503 alcamyidem
676 1455 754 1502 quoni
762 1439 790 1485 in
799 1438 893 1502 Ιριιιιι,
901 1438 1014 1486 addendo
1021 1439 1123 1502 aliquid
1123 1445 1173 1501 per
1178 1440 1299 1502 quoddow
1306 1438 1352 1486 illa
1358 1439 1496 1496 destruunt,

508 1520 560 1553 non
567 1505 664 1568 possint
670 1505 746 1553 aliter
755 1520 833 1569 quam
840 1505 926 1568 perire
937 1505 1051 1568 exseritis
1061 1510 1085 1551 el
1095 1504 1177 1562 malo's,
1187 1505 1401 1569 quaeperplagas
1413 1506 1442 1553 in
1455 1504 1497 1553 hoc

509 1569 587 1619 Libro
598 1571 731 1634 desm'ptos
741 1570 922 1635 n'gmflcantur
934 1568 973 1637 [ιι.
986 1568 1060 1635 9571.

378 1674 417 1727 ¹9·
442 1660 493 1713 ‘ft
503 1659 863 1727 siquisolstulooltsrooiio
874 1658 943 1711 titel
949 1659 1194 1736 propictiaoiuy'os,
1204 1658 1386 1735 uolantibus
1394 1665 1496 1725 pamm

529 1727 566 1779 'os
578 1742 594 1778 ι
604 1726 678 1779 iiie-o
692 1726 766 1783 ritae.
779 1730 807 1779 et
817 1741 849 1779 ιι
863 1726 927 1777 liris
938 1730 1038 1782 ειιειι.
1052 1730 1078 1778 st
1089 1726 1194 1793 scriptis
1205 1741 1232 1777 m
1244 1726 1317 1777 Libro
1327 1726 1406 1783 ioc,''
1419 1728 1494 1791 signi-

508 1742 565 1842 ἕειι
572 1795 640 1858 quod
644 1794 692 1858 qui
697 1795 785 1858 legunt
791 1801 815 1842 et
820 1794 905 1842 sciunt
911 1808 970 1841 vcra
977 1794 1109 1841 dollm'nae
1114 1793 1191 1859 huy'us
1198 1793 1275 1841 Libri
1282 1808 1352 1841 nunc
1359 1810 1376 1841 a
1385 1794 1497 1843 Donoino

508 1862 597 1924 aperti,
606 1868 713 1924 eliasque
721 1867 860 1923 agnarum
866 1860 947 1907 alium
957 1859 1042 1908 Deum
1051 1875 1129 1923 quam
1138 1860 1289 1917 Dominum,
1298 1866 1322 1907 et
1331 1860 1496 1925 aliamfidem

508 1943 585 1991 quam
602 1927 632 1975 in
649 1926 744 1989 Ipsum,
756 1926 893 1990 auferendo
909 1926 1011 1989 ali'quid
1020 1933 1070 1989 per
1084 1928 1152 1989 quod
1166 1926 1211 1973 illo
1228 1926 1278 1974 dcco
1294 1926 1433 1983 destruant,
1446 1944 1496 1975 non

501 1994 601 2059 possint
607 1993 710 2057 aliquid
717 2002 801 2056 sapere
812 1999 835 2041 el
845 1994 1008 2055 appropriare
1015 1992 1063 2040 sibi
1073 2008 1104 2040 ex
1122 1992 1204 2050 Verbo,
1213 2007 1257 2039 nec
1269 1993 1347 2055 recipi
1356 1993 1385 2040 in
1394 1992 1496 2041 Nouam

435 2056 453 2119 “,
509 2059 716 2123 Hierosolymam,
727 2074 760 2106 ne
775 2076 806 2107 ue
822 2058 911 2107 holm
921 2065 1009 2107 sortem
1021 2074 1078 2107 cum
1090 2058 1141 2107 illis
1151 2058 1198 2122 qui
1215 2056 1273 2125 [in]
1289 2058 1376 2123 Regno
1388 2059 1499 2107 Domini

507 2076 775 2193 mummi

375 2228 417 2265 ιο.
441 2214 555 2266 *oleum
571 2214 678 2267 Tostuos
695 2214 765 2272 tax.
784 2212 865 2265 fliam
885 2212 957 2267 conlo
974 2214 1052 2281 olto[,·
1075 2212 1174 2280 amon}
1210 2212 1292 2265 flium
1311 2214 1375 2271 roni,
1394 2214 1498 2267 lomim

507 2281 603 2338 «latu.''
614 2280 738 2344 significat
746 2281 898 2338 Dominum,
912 2282 965 2343 Qui
972 2282 1096 2329 revelavi!
1104 2282 1278 2345 Apocalypsin,
1286 2289 1311 2329 et
1320 2296 1391 2329 nunc
1399 2285 1498 2345 apernit

509 2349 589 2406 illam,
601 2347 770 2414 testificantem
787 2348 832 2396 hoc
850 2348 1034 2412 Evangeliuns,
1051 2349 1119 2413 quod
1134 2349 1162 2395 in
1179 2348 1279 2401 Divino
1296 2346 1421 2396 Humano
1438 2350 1496 2405 Suo,

507 2416 575 2479 quod
582 2416 686 2477 noscepil
696 2416 725 2462 in
738 2416 831 2462 mundo
842 2422 866 2463 el
871 2414 1036 2480 glorificavit,
1048 2414 1136 2463 venial
1147 2420 1177 2461 ut
1187 2415 1295 2477 Sponsus
1305 2421 1329 2461 el
1340 2414 1465 2476 Maritus,
1475 2424 1499 2465 et

507 2482 575 2547 quod
584 2480 696 2530 Ecclesia
708 2480 793 2545 Ipsum
805 2482 924 2530 den'rieret
934 2488 964 2529 ul
975 2482 1068 2545 Sponsa
1080 2488 1103 2529 el
1118 2480 1188 2530 Uxor
1200 2480 1240 2546 [n.
1252 2480 1326 2547 96o].

785 2732 1086 2782 EXPLICATIO.

435 2912 534 2980 93²·
559 2908 645 2974 [Vers.
661 2905 697 2973 1.]
723 2895 788 2959 “fr
806 2896 939 2960 ostoniit
950 2895 1024 2958 mihi
1036 2915 1146 2976 porum
1159 2895 1277 2959 lloriom
1291 2915 1392 2977 oquae
1409 2896 1495 2968 ηἰιο,

374 2988 559 3068 splendidum
570 2990 714 3068 tanquam
723 2986 914 3069 crystallum,
930 2991 1091 3050 ornantem
1105 3005 1123 3048 ο
1142 2986 1258 3049 Theano
1270 2986 1328 3048 oei
1338 2990 1372 3048 ai
1384 2986 1495 3069 Aynist

375 3078 543 3161 significat
581 3078 809 3160 Apocalypsin
846 3099 931 3141 nunc
967 3078 1079 3160 quoad
1110 3077 1250 3143 Sensum
1285 3078 1495 3159 spiritualem

374 3184 527 3255 apertam
547 3183 581 3236 et
595 3173 806 3253 explicatam,
826 3171 886 3235 ubi
899 3173 1027 3236 Divim
1053 3171 1138 3236 Vera
1154 3173 1189 3234 in
1206 3173 1298 3253 copia
1315 3195 1338 3235 a
1355 3173 1495 3236 Domino

374 3268 523 3331 revelata
538 3277 616 3330 sunt
629 3278 697 3348 pro
713 3265 859 3349 illisqui
874 3266 908 3329 in
924 3267 1023 3330 Noua
1040 3267 1155 3348 Ipsius
1169 3267 1327 3343 Ecclesca,
1345 3287 1430 3349 quae
1446 3279 1495 3332 est

374 3362 474 3425 Noua
488 3361 729 3443 Hierosolyma,
743 3361 957 3426 erunt-Per
970 3366 1117 3445 “purum
1134 3361 1267 3424 fluvium
1284 3382 1391 3445 aquae
1404 3365 1493 3427 vitae

375 3456 588 3538 splendidum
606 3466 768 3539 tanquam
784 3455 1007 3537 crystallum'’
1023 3456 1230 3538 significatur
1247 3456 1405 3520 Divinum
1423 3458 1493 3522 Ve-
1520 3533 1528 3546 λ

373 3569 447 3613 rum
463 3550 569 3613 Verbi
587 3552 621 3613 in
637 3552 735 3632 copia
750 3551 964 3614 translucens
980 3572 1024 3613 ex
1042 3549 1149 3614 Sensu
1165 3549 1327 3632 spirituali
1344 3552 1424 3632 ejus,
1439 3555 1493 3636 qui

374 3646 476 3707 estin
494 3644 568 3707 luce
583 3643 697 3722 Caeli;
721 3645 810 3727 quod
830 3664 889 3726 per
906 3644 1093 3707 “fluvium”
1108 3644 1316 3726 significetur
1333 3645 1491 3710 Divinum

374 3737 503 3801 Verum
522 3741 554 3802 in
575 3738 699 3820 copia[,
716 3739 871 3802 videatur
889 3737 1003 3822 supra]
1026 3737 1073 3820 (n.
1088 3739 1167 3822 409)
1184 3761 1191 3816 ;
1214 3760 1316 3802 causa
1334 3751 1399 3816 est,
1416 3744 1492 3824 quia

374 3853 433 3914 per
446 3833 608 3915 “aquas‚”
620 3855 665 3896 ex
679 3835 797 3916 quibus
813 3833 940 3908 fluvius,
955 3832 1187 3914 significantur
1198 3854 1278 3897 vera
1293 3833 1339 3914 (n.
1355 3849 1404 3915 50,
1417 3835 1490 3917 685,

373 3926 462 4009 719),
477 3938 512 3990 et
531 3948 590 4009 ρει
604 3932 736 4009 “aquas
749 3927 839 3990 vitae
848 3927 862 3952 '’
874 3947 953 3990 vera
969 3927 1027 3990 illa
1043 3949 1087 3990 ex
1104 3927 1252 3990 Domino
1268 3948 1327 4010 ρει
1338 3927 1492 3992 Verbum

375 4020 427 4100 (ut
443 4019 607 4103 sequitur)
621 4043 629 4098 ;
653 4042 691 4085 ac
710 4042 769 4104 per
786 4020 1028 4103 “splendidum
1047 4022 1133 4084 sicut
1150 4021 1348 4102 crystallum
1356 4022 1371 4047 ”
1387 4023 1491 4105 signi·

371 4114 515 4199 ficantur
530 4136 610 4178 vera
625 4116 708 4178 haec
725 4114 970 4178 translucentia
988 4135 1033 4178 ex
1050 4114 1157 4179 Sensu
1173 4115 1346 4197 spirituali,
1364 4119 1421 4199 qui
1439 4129 1492 4181 est

372 4212 405 4272 in
425 4208 499 4272 luce
516 4208 609 4273 Caeli
628 4208 674 4291 (n.
695 4207 810 4292 897¹¹¹):
835 4229 894 4291 per
909 4210 1000 4292 quod
1015 4209 1105 4272 visus
1124 4210 1168 4272 sit
1187 4209 1303 4272 fluvius
1322 4209 1378 4273 ille
1397 4213 1491 4274 exire

374 4312 447 4366 “ex
471 4303 611 4366 Throno
641 4303 705 4367 Dei
735 4313 770 4366 et
801 4302 921 4384 Agni”
944 4302 1152 4384 significatur
1174 4303 1264 4385 quod
1294 4324 1312 4366 e
1335 4301 1442 4368 Caelo
1472 4325 1491 4368 a

373 4398 521 4461 Domino
533 4419 541 4475 ;
565 4417 624 4479 ρει
638 4402 658 4430 “
667 4397 841 4460 Thronum
850 4395 864 4422 ’⁹
877 4398 965 4460 enim
980 4396 1187 4478 significatur
1200 4396 1366 4460 Dominus
1378 4401 1489 4482 quoad

367 4491 528 4573 judicium
547 4501 583 4554 et
601 4491 712 4574 quoad
730 4491 882 4573 regimen
901 4501 936 4554 et
955 4491 1066 4574 quoad
1086 4489 1246 4568 Caelum;
1276 4493 1387 4574 quoad
1403 4493 1487 4574 judi·

371 4587 471 4662 cium,
493 4605 525 4648 n.
549 4601 621 4666 229,
645 4587 717 4667 845,
741 4584 822 4666 8653
856 4585 967 4667 quoad
990 4585 1152 4667 regimen,
1178 4605 1209 4648 n.
1231 4584 1304 4667 694,
1329 4586 1391 4650 808
1414 4585 1486 4664 fin.;
