3384 5400
549 710 629 760 cae.
646 710 719 773 xx,
736 710 840 761 vans,
855 697 965 760 o-n.
982 700 1052 779 854.
1295 712 1361 782 759
1444 674 1457 703 l

241 880 379 946 et'haec
396 900 487 944 mors
506 900 575 944 non
594 888 647 943 est
663 879 854 963 spiritualis,
871 879 948 943 ideo
967 880 1084 944 nullibi
1101 880 1135 945 in
1151 880 1363 963 Apocalypsi

242 976 436 1039 nominatur
464 994 556 1038 mors
586 976 704 1057 prima,
735 975 795 1037 sed
825 994 916 1038 mors
946 974 1054 1038 altera
1086 976 1120 1037 in
1150 976 1214 1039 hoc
1245 978 1357 1058 capite

242 1070 362 1153 (etiam
380 1089 465 1132 vers.
485 1068 549 1152 14),
567 1079 640 1132 tum
658 1070 692 1131 in
711 1079 875 1151 sequente
895 1067 981 1150 (xxi.
999 1068 1045 1151 8),
1063 1079 1098 1132 et
1116 1089 1249 1152 quoque
1268 1072 1357 1152 prius

242 1166 330 1248 (cap.
349 1165 380 1228 ii.
401 1162 464 1247 11).
509 1162 575 1244 Qui
598 1165 662 1228 hoc
686 1183 755 1226 non
775 1163 944 1239 observat,
965 1172 1081 1245 potest
1104 1163 1201 1227 facile
1220 1165 1357 1229 credere

239 1260 329 1342 quod
351 1260 451 1323 binae
470 1270 598 1322 mortes
616 1257 806 1341 spirituales
829 1260 908 1333 sint,
928 1260 1004 1341 quia
1023 1258 1145 1321 dicitur
1164 1262 1283 1321 “mors
1306 1259 1356 1322 al-

239 1354 343 1430 tera,''
361 1374 439 1418 cum
462 1364 578 1417 tamen
602 1373 669 1416 non
693 1362 746 1416 est
770 1353 832 1415 nisi
850 1372 951 1435 quam
970 1372 1037 1415 una
1055 1372 1147 1416 mors
1162 1353 1355 1435 spiritualis,

238 1468 326 1530 quae
339 1446 393 1511 hic
409 1447 611 1529 intelligitur
625 1468 684 1530 per
701 1454 875 1510 “mortem
894 1447 1037 1510 alteram
1049 1446 1075 1524 ;”
1097 1446 1251 1510 similiter
1265 1449 1355 1530 quod

237 1542 362 1605 dentur
403 1542 503 1606 binae
546 1540 816 1616 resurreciiones,
854 1544 931 1624 quia
971 1540 1093 1605 dicitur
1130 1539 1356 1606 “resurreClio

237 1635 375 1718 prima,'’
392 1655 469 1699 cum
493 1646 608 1699 tamen
632 1656 700 1699 non
723 1637 822 1699 detur
844 1638 907 1699 nisi
930 1654 1029 1717 quam
1049 1656 1115 1698 una
1138 1633 1354 1713 resurrecti03

237 1751 339 1812 quare
357 1749 419 1793 nec
440 1729 532 1793 ullibi
551 1731 672 1793 dicitur
690 1728 887 1794 resurreciio
903 1730 1051 1792 secunda
1070 1728 1237 1811 (videatur
1255 1750 1355 1813 supra

238 1844 269 1887 n.
289 1822 377 1906 851).
422 1824 479 1887 Ex
502 1825 553 1887 his
575 1834 683 1907 patet,
705 1825 796 1906 quod
818 1845 878 1907 per
898 1830 1026 1905 “super
1048 1825 1110 1887 hos
1133 1843 1224 1888 mors
1246 1823 1355 1888 altera

238 1937 306 1981 non
325 1919 429 1982 habet
447 1918 681 2001 potestatem”
699 1917 906 2000 significetur
923 1918 1013 2001 quod
1036 1917 1102 1981 illis
1125 1937 1194 1982 non
1212 1918 1354 1983 damna-

236 2014 296 2076 tio.

295 2104 398 2187 854.
424 2102 515 2168 “Sed
525 2103 810 2167 emmerammus
821 2102 879 2167 ori
889 2108 921 2166 ei
933 2102 1080 2176 christi,''
1091 2102 1258 2185 signifieat
1272 2106 1355 2187 quia

236 2216 258 2259 a
278 2196 419 2259 Domim
437 2206 588 2258 tenentur
607 2196 643 2259 in
665 2194 745 2258 bono
761 2196 887 2258 amoris
909 2206 941 2258 et
962 2196 1038 2259 riade
1059 2196 1094 2258 t'n
1112 2196 1201 2259 verr‘s
1219 2198 1352 2278 sapten-

235 2290 416 2355 tiae.-Per
434 2291 659 2354 “sacerdotes
666 2289 681 2314 ”
696 2292 731 2355 in
746 2289 863 2355 Verbo
881 2289 1117 2371 intelliguntur
1135 2292 1191 2373 qui
1209 2292 1243 2354 in
1262 2292 1353 2355 bono

235 2387 359 2449 amoris
376 2395 466 2460 sunt,
486 2395 522 2448 et
541 2405 601 2468 per
621 2384 769 2466 “reges''
787 2387 843 2469 qui
864 2386 897 2449 in
916 2386 1003 2448 veris
1021 2386 1226 2467 sapientiae;
1249 2406 1352 2468 quare

234 2481 357 2544 dicitur
374 2500 483 2563 supra,

348 2612 427 2679 Jesus
439 2612 562 2663 Christus
573 2613 636 2663 lecit
647 2628 698 2663 nos
712 2615 729 2637 ‘¹
737 2628 813 2677 reges
825 2622 852 2663 et
864 2614 1017 2663 sacerdotes
1025 2613 1040 2633 ”
1050 2611 1136 2679 (Aper.
1148 2614 1165 2664 i.
1177 2612 1220 2678 6);

233 2739 269 2794 et
287 2750 430 2814 quoque,

281 2865 381 2978 Αςτιιιὶ
389 2862 515 2993 iffipos
529 2865 547 2887 ‘⁸
557 2878 635 2926 reges
651 2872 679 2914 et
694 2865 856 2924 sacerdotes,
870 2873 899 2914 ut
911 2878 1054 2927 regnemus
1065 2878 1147 2928 super
1157 2863 1249 2914 tena''
1260 2861 1347 2930 (Apu.

232 3063 267 3120 et
287 3053 464 3120 manifeste
482 3055 587 3119 videri
610 3063 735 3136 potest,
755 3053 846 3136 quod
869 3053 1035 3117 Dominus
1054 3073 1123 3116 non
1141 3051 1286 3121 sabturus
1305 3055 1349 3119 sit

231 3151 386 3213 homines
402 3169 501 3231 reges
519 3159 555 3213 et
573 3148 780 3223 sacerdotes,
797 3148 858 3212 sed
876 3149 966 3231 quod
986 3145 1130 3212 facturus
1147 3149 1190 3212 sit
1206 3148 1348 3231 angelos

231 3244 308 3307 illos
338 3245 393 3327 qui
422 3244 456 3306 in
486 3245 573 3306 veris
595 3243 781 3324 sapientiae
804 3252 839 3306 et
869 3244 902 3305 in
933 3243 1024 3305 bono
1046 3243 1170 3305 amoris
1195 3242 1239 3304 ab
1269 3241 1348 3324 Ipso

231 3347 339 3402 erunt.
385 3334 486 3418 Quod
509 3357 569 3419 per
592 3336 741 3418 '‘reges”
759 3335 994 3418 intelligantur
1015 3336 1070 3418 qui
1093 3337 1126 3398 in
1149 3337 1236 3399 veris
1259 3337 1347 3418 sapi-

231 3434 345 3496 entiae
367 3451 388 3494 a
410 3431 559 3494 Domino
581 3441 671 3504 sunt,
695 3440 732 3494 et
757 3430 847 3513 quod
875 3430 1039 3502 Dominus
1062 3431 1194 3493 dicatur
1218 3427 1349 3492 “Rex”

230 3547 275 3590 ex
309 3524 434 3589 Divino
463 3523 567 3600 Vero,
600 3525 754 3588 videatur
783 3545 884 3606 supra
919 3523 967 3606 (n.
991 3539 1041 3599 20,
1063 3526 1138 3603 483,
1160 3523 1234 3602 664,
1258 3523 1346 3606 830).

231 3619 332 3702 Quod
359 3630 473 3685 autem
499 3640 558 3701 per
586 3619 832 3683 “sacerdotes’'
856 3618 1090 3699 intelligantur
1115 3619 1171 3700 qui
1196 3619 1230 3680 in
1256 3618 1347 3682 bono

230 3716 355 3779 amoris
384 3734 405 3777 a
433 3714 583 3777 Domino
612 3724 701 3788 sunt,
732 3723 786 3776 est
815 3715 893 3795 quia
923 3712 1089 3776 Dominus
1119 3721 1172 3775 est
1206 3711 1347 3775 Divinus

230 3810 341 3872 Amor
356 3818 391 3873 et
408 3808 531 3871 Divina
546 3807 729 3890 Sapientia,
743 3828 802 3870 seu
814 3807 904 3889 quod
920 3808 1020 3880 idem,
1039 3807 1197 3869 Divinum
1214 3804 1346 3869 Bonum

229 3916 264 3969 et
296 3903 455 3966 Divinum
478 3901 626 3979 Verum3
658 3910 693 3965 et
724 3900 891 3964 Dominus
913 3921 958 3964 ex
989 3901 1113 3964 Divino
1135 3897 1265 3963 Amore
1288 3920 1346 3962 seu

229 3999 354 4062 Divino
376 3996 475 4061 Bono
496 4007 638 4059 vocatur
660 3994 883 4066 “Sacerdos’'
902 4005 937 4058 et
960 4015 1004 4057 ex
1028 3994 1150 4057 Divina
1173 3991 1347 4076 Sapientia

229 4113 288 4154 seu
308 4090 432 4154 Divino
450 4089 544 4154 Vero
562 4099 704 4153 vocatur
721 4089 857 4152 “Rern’'
901 4089 985 4152 Inde
1003 4097 1056 4152 est
1072 4088 1162 4170 quod
1181 4089 1249 4150 sint
1267 4088 1347 4150 bina

230 4185 364 4267 Regna,
384 4185 418 4248 in
436 4204 523 4268 quae
541 4183 635 4248 Caeli
653 4181 803 4247 distincti
821 4193 911 4258 sunt,
932 4182 1080 4246 caeleste
1099 4191 1134 4244 et
1153 4181 1343 4263 spirituale:

229 4290 263 4343 et
294 4279 453 4361 Regnum
484 4279 633 4342 caeleste
662 4287 804 4342 vocatur
833 4277 992 4359 Regnum
1023 4275 1243 4340 Sacerdotale
1271 4275 1344 4338 Do-

229 4375 320 4449 mini,
344 4381 423 4437 sunt
446 4374 535 4436 enim
558 4371 672 4455 angeli
697 4373 741 4435 ibi
763 4373 966 4455 recipientes
989 4371 1101 4434 Divini
1124 4368 1263 4433 Amoris
1285 4388 1345 4432 seu

230 4469 342 4532 Divini
372 4468 458 4531 Boni
490 4488 511 4530 a
541 4467 708 4545 Domino;
746 4475 782 4530 et
812 4466 972 4548 Regnum
1002 4465 1174 4547 spirituale
1197 4474 1346 4528 'vocatur

229 4563 388 4646 Regnum
407 4563 553 4645 Regium
572 4563 720 4637 Domini,
740 4571 819 4625 sunt
837 4563 927 4624 enim
947 4560 1060 4642 angeli
1078 4560 1123 4622 ibi
1141 4559 1344 4641 recipientes

230 4656 372 4720 Divinae
395 4655 586 4739 Sapientiae
609 4677 667 4721 seu
691 4656 801 4719 Divini
820 4653 902 4718 Veri
925 4675 945 4718 a
969 4654 1135 4734 Domino;
1167 4654 1226 4717 sed
1250 4652 1344 4736 plura
