3384 5400
369 673 430 737 862
687 684 935 736 ssocscvnsrs
959 685 1171 738 usur-:caca

367 857 584 920 continentur
595 877 603 933 ;
632 857 773 920 “testari
782 855 797 880 ”
815 857 905 921 enim
924 857 1046 920 dicitur
1064 857 1108 922 de
1126 858 1281 935 veritate,
1302 870 1338 923 ut
1361 858 1485 933 didium

367 961 439 1014 est:
464 970 522 1033 per
543 951 666 1014 “vobis
685 951 769 1014 haec
793 952 826 1014 in
846 951 1032 1016 Ecclesiis”
1050 952 1258 1035 significatur
1275 975 1390 1020 coram
1413 968 1488 1021 toto

367 1044 459 1110 Orbe
478 1046 681 1122 Christian0,
701 1048 779 1130 quia
800 1047 845 1111 ibi
868 1056 947 1111 sunt
970 1047 1156 1124 Ecclesiae,
1176 1068 1263 1130 quae
1285 1047 1339 1110 hic
1362 1048 1486 1112 intelli·

366 1151 501 1223 guntur.

426 1249 528 1317 954.
547 1233 633 1315 ‘Ego
642 1253 710 1296 rum
718 1233 818 1296 Radix
824 1239 859 1297 ct
868 1233 969 1298 Genus
975 1233 1106 1308 ssuu'dir,
1112 1233 1210 1298 Stella
1218 1234 1376 1315 splendida
1384 1240 1489 1298 stmu-

367 1322 499 1396 turinc,''
512 1323 679 1405 significat
692 1324 782 1405 quod
793 1324 842 1388 sit
852 1323 931 1405 Ipse
941 1323 1004 1388 Ille
1014 1324 1180 1388 Dominus
1194 1325 1262 1402 Qui
1275 1333 1439 1388 natusest
1451 1325 1488 1387 iu

378 1416 496 1492 nunde,
509 1426 541 1479 et
556 1426 631 1478 tunc
636 1416 711 1496 fuit
721 1415 808 1492 Lux,
821 1427 854 1480 et
870 1416 938 1495 Qui
949 1428 1108 1480 venturus
1118 1438 1191 1480 cum
1203 1438 1289 1480 nova
1299 1416 1393 1489 Luce,
1406 1437 1490 1498 quae

381 1533 475 1574 oram
497 1511 595 1574 Nova
617 1511 731 1592 Ipsius
751 1511 909 1585 Ecclesia,
930 1523 1080 1594 quaeest
1102 1512 1228 1577 Saniia
1244 1511 1486 1592 Hibrosolymn

365 1606 496 1668 oritura
507 1611 631 1669 est—‘⁸
641 1605 718 1687 Ego
734 1626 807 1670 sum
825 1607 940 1670 Radix
956 1619 992 1672 et
1009 1607 1123 1671 Genus
1139 1607 1303 1669 Davidis”
1319 1605 1486 1688 significat

366 1701 456 1784 quod
481 1700 558 1783 Ipse
581 1700 644 1764 llle
667 1701 833 1764 Dominus
857 1703 912 1777 sit,
937 1701 1003 1783 Qui
1027 1714 1126 1765 natus
1149 1712 1202 1765 est
1225 1703 1259 1766 in
1282 1702 1419 1777 mundo,
1441 1702 1488 1764 ita

367 1795 533 1860 Dominus
552 1797 585 1859 in
605 1796 728 1862 Divino
749 1795 911 1861 Humano
928 1795 1018 1875 Su0;
1040 1818 1086 1860 ex
1104 1796 1169 1860 hoc
1188 1807 1330 1860 vocatur

417 1939 531 1990 “Radix
542 1950 569 1989 er
581 1940 672 1990 Genus
686 1939 824 1998 Davidis,''
835 1950 862 1990 et
873 1954 979 2004 quoque
991 1943 1008 1964 “
1017 1940 1135 1991 Germen
1147 1939 1281 1990 Davidis”
1290 1939 1399 2004 (Jerm.
1411 1940 1483 1993 xxiii.

498 2001 556 2071 [5];
573 2021 630 2069 cap.
642 2006 732 2056 xxxiii.
748 2007 805 2070 15);

367 2091 438 2146 turn

417 2215 525 2278 “Virga
541 2231 575 2344 e)x
592 2225 686 2266 trunco
701 2213 837 2278 lischaji,”
849 2224 876 2266 et
890 2215 1042 2266 “surculus
1059 2231 1093 2265 ex
1111 2215 1243 2266 radicibus
1254 2215 1314 2278 ejus
1323 2213 1338 2236 ''
1350 2214 1434 2281 (Eraj.
1447 2215 1482 2266 xi.

499 2293 547 2338 1,2
568 2297 574 2340 ;

367 2410 504 2476 “Stella
523 2410 699 2494 splendida
717 2420 752 2474 et
775 2410 967 2474 mututina”
985 2410 1152 2493 significat
1171 2412 1262 2495 quod
1284 2421 1365 2476 tunc
1389 2413 1485 2476 suerit

367 2505 455 2581 Lux,
479 2517 513 2570 et
540 2506 630 2587 quod
654 2517 814 2570 venturus
841 2507 885 2568 sit
912 2526 988 2570 curn
1015 2527 1104 2569 nova
1131 2506 1234 2581 Luce,
1258 2527 1346 2589 quae
1371 2526 1483 2570 coram

366 2599 466 2664 Nova
489 2601 597 2682 Ipsius
621 2600 785 2674 Ecclesia,
810 2621 897 2682 quae
919 2610 973 2664 est
996 2598 1121 2663 Saucia
1146 2601 1396 2682 Hierosolyma,
1420 2603 1482 2664 ori·

366 2708 441 2759 tura
457 2707 528 2759 est:
553 2706 693 2761 vocatur
706 2695 842 2761 “Stella
858 2695 1035 2779 splendida
1043 2696 1058 2721 ”
1070 2718 1115 2761 ex
1131 2695 1205 2761 luce
1221 2716 1297 2761 curn
1314 2718 1381 2779 qua
1393 2698 1483 2761 venit

366 2792 398 2853 in
410 2791 590 2853 mundum:
607 2812 709 2874 quare
720 2793 822 2855 etiam
833 2802 973 2856 vocatur
983 2798 1002 2823 “
1012 2790 1120 2855 Stella
1127 2791 1142 2815 ”
1150 2802 1186 2855 et
1196 2812 1329 2874 quoque
1341 2791 1447 2856 “Lux
1459 2791 1484 2869 ;''

417 2939 434 2959 ‘¹
444 2936 551 2995 Stella,”
561 2938 644 2988 Num.
656 2939 727 2988 xxiv.
741 2950 787 2998 17:

415 3002 450 3052 Et
462 3002 572 3061 “Luxss'
585 3004 647 3067 Joh.
661 3004 678 3054 i.
691 3016 774 3063 4-123
795 3018 854 3067 cap.
869 3004 904 3053 iii.
921 3017 959 3067 19,
972 3017 1001 3053 21
1013 3020 1019 3059 ;
1036 3019 1094 3066 cap.
1109 3005 1143 3054 ix.
1160 3016 1190 3064 5:
1207 3019 1265 3067 cap.
1276 3006 1322 3054 xii.
1335 3016 1375 3066 35,
1386 3006 1426 3066 36,
1437 3006 1484 3067 46:

495 3069 593 3119 March.
608 3069 643 3119 iv.
659 3069 706 3129 τός
724 3070 787 3121 Luc.
804 3070 831 3120 ii.
846 3083 943 3131 30-32;
960 3070 1035 3134 Esaj.
1051 3070 1085 3120 lx.
1102 3082 1113 3119 1
1128 3067 1174 3137 [B.
1189 3073 1212 3119 Α
1218 3109 1224 3121 .
1239 3067 1284 3135 213
1301 3085 1359 3134 cap.
1376 3073 1440 3121 xlix.
1453 3072 1484 3128 ὃς

365 3230 407 3285 et
423 3232 564 3285 vocatur
588 3221 725 3287 “Stella
748 3223 941 3287 mututina''
964 3245 1009 3286 ex
1033 3222 1126 3287 Luce
1148 3246 1236 3308 quae
1258 3226 1301 3287 ab
1323 3226 1406 3307 Ipso
1427 3248 1486 3291 co·

365 3336 437 3379 ram
464 3336 552 3379 nova
575 3316 739 3390 Ecclesia,
764 3339 850 3400 quae
876 3328 929 3381 est
956 3317 1056 3380 Nova
1084 3317 1334 3399 Hierosolyma,
1359 3323 1485 3386 oritura

362 3402 438 3487 'est;
473 3432 531 3493 per
556 3409 746 3475 “Stellam'’
768 3414 857 3476 enim
881 3412 1089 3495 significatur
1111 3413 1188 3475 Lux
1216 3413 1259 3476 ab
1286 3413 1376 3496 lpso,
1401 3437 1486 3498 quae

365 3506 398 3567 in
417 3526 476 3567 sua
495 3508 642 3569 essentia
660 3518 713 3571 est
733 3506 906 3589 Sapientia
925 3517 960 3570 et
981 3506 1225 3589 Intelligentia‚
1246 3518 1281 3571 et
1305 3529 1366 3590 per
1385 3516 1485 3574 “ma-

366 3600 510 3662 tutinum
521 3600 535 3623 ''
551 3621 608 3664 seu
626 3601 776 3665 “mane’'
793 3599 1001 3683 significatur
1016 3602 1200 3665 Adventus
1216 3602 1334 3686 ipsius,
1352 3614 1388 3669 et
1405 3617 1485 3670 tunc

365 3712 453 3757 nova
473 3694 626 3758 Ecclesia
645 3694 813 3777 (videatur
833 3718 943 3778 supra,
964 3717 995 3759 n.
1019 3695 1103 3778 151).

424 3802 525 3869 955.
552 3799 707 3865 [Vers.17.]
731 3788 796 3850 ’Ἦ
808 3788 938 3869 Spiritus
957 3795 991 3851 ct
1010 3788 1128 3869 Sponsa
1141 3788 1247 3852 dieunt
1260 3788 1367 3863 Verri,''
1381 3792 1486 3873 signi·

364 3876 443 3942 ficar
471 3880 561 3961 quod
585 3878 720 3943 Caelum
746 3890 777 3943 et
806 3880 954 3943 Ecclesia
979 3882 1171 3945 Adventum
1195 3882 1334 3945 Domini
1358 3884 1486 3947 deside-

365 3974 554 4037 rent—Per
571 3972 758 4056 “Spiritum
767 3974 783 3999 ”
798 3973 1005 4057 significatur
1023 3975 1174 4049 Caelum,
1191 3997 1250 4058 ρετ
1265 3975 1463 4059 “Sponsam
1472 3978 1487 4003 ”

366 4066 530 4141 Ecclesia,
550 4078 584 4132 et
608 4088 667 4149 per
687 4069 826 4132 “dicere
845 4068 958 4132 Veni”
976 4069 1183 4151 significatur
1200 4072 1391 4135 desiderare
1411 4072 1486 4135 Ad·

365 4171 504 4225 ventum
535 4162 691 4240 Domini;
725 4163 814 4244 quod
846 4184 935 4226 nova
966 4164 1130 4238 Ecclesia,
1161 4186 1247 4247 quae
1277 4176 1329 4229 est
1360 4166 1488 4231 Sandta

367 4256 615 4337 Hierosolyma,
635 4276 694 4338 ρετ
715 4255 910 4339 “Sponsam
919 4259 934 4281 ”
953 4258 1173 4340 intelligatur,
1193 4270 1329 4323 constat
1348 4281 1393 4323 ex
1413 4279 1485 4343 cap.

365 4350 437 4412 xxi.
458 4366 487 4425 2,
510 4368 541 4431 9,
569 4366 607 4412 10
631 4350 798 4433 (videatur
821 4372 853 4415 n.
877 4354 949 4427 881,
973 4352 1071 4435 895);
1099 4364 1134 4417 et
1157 4354 1247 4435 quod
1270 4374 1330 4436 per
1354 4354 1486 4437 “Spiri-

366 4443 462 4506 tum”
489 4444 699 4526 intelligatur
725 4444 876 4519 Caelum,
904 4458 958 4511 est
985 4450 1061 4530 quia
1087 4448 1325 4531 intelliguntur
1350 4452 1486 4532 spiritus

365 4536 520 4619 angelici,
540 4560 584 4602 ex
608 4540 726 4622 quibus
750 4560 874 4604 novum
899 4539 1038 4606 Caelum
1063 4540 1259 4625 (dequibus
1282 4563 1393 4625 supra,
1414 4565 1486 4626 cap.

366 4634 433 4697 xiv.
450 4648 528 4715 1-7;
547 4653 619 4716 cap.
633 4636 705 4698 xix.
723 4652 799 4718 1-9;
820 4654 893 4717 cap.
906 4657 967 4699 xx.
979 4654 1010 4716 4,
1026 4634 1070 4720 5).
1111 4636 1173 4700 Per
1185 4636 1388 4713 Ecclesiam,
1400 4658 1487 4721 quae
