<?xml version="1.0" encoding="UTF-8"?>
<!DOCTYPE html PUBLIC "-//W3C//DTD XHTML 1.0 Transitional//EN"
    "http://www.w3.org/TR/xhtml1/DTD/xhtml1-transitional.dtd">
<html xmlns="http://www.w3.org/1999/xhtml" xml:lang="en" lang="en">
 <head>
  <title>
</title>
<meta http-equiv="Content-Type" content="text/html;charset=utf-8" />
  <meta name='ocr-system' content='tesseract 3.04.00' />
  <meta name='ocr-capabilities' content='ocr_page ocr_carea ocr_par ocr_line ocrx_word'/>
</head>
<body>
  <div class='ocr_page' id='page_1' title='image "./apocalypsisreve00swedgoog_0048.png"; bbox 0 0 3384 5400; ppageno 0'>
   <div class='ocr_carea' id='block_1_1' title="bbox 339 659 398 740">
    <p class='ocr_par' dir='ltr' id='par_1_1' title="bbox 339 659 398 740">
     <span class='ocr_line' id='line_1_1' title="bbox 339 659 398 740; baseline 0 0"><span class='ocrx_word' id='word_1_1' title='bbox 339 659 398 740; x_wconf 82' lang='lat'>558</span> 
     </span>
    </p>
   </div>
   <div class='ocr_carea' id='block_1_2' title="bbox 557 635 1135 728">
    <p class='ocr_par' dir='ltr' id='par_1_2' title="bbox 557 635 1135 728">
     <span class='ocr_line' id='line_1_2' title="bbox 557 635 1135 728; baseline 0.01 -6"><span class='ocrx_word' id='word_1_2' title='bbox 557 635 559 642; x_wconf 40' lang='lat'><strong>¹</strong></span> <span class='ocrx_word' id='word_1_3' title='bbox 657 673 904 726; x_wconf 76' lang='lat' dir='ltr'>naocntvrsts</span> <span class='ocrx_word' id='word_1_4' title='bbox 925 675 1135 728; x_wconf 66' lang='lat' dir='ltr'>navatam„</span> 
     </span>
    </p>
   </div>
   <div class='ocr_carea' id='block_1_3' title="bbox 335 843 1120 924">
    <p class='ocr_par' dir='ltr' id='par_1_3' title="bbox 335 843 1120 924">
     <span class='ocr_line' id='line_1_3' title="bbox 335 843 1120 924; baseline 0.004 -16"><span class='ocrx_word' id='word_1_5' title='bbox 335 843 437 924; x_wconf 70' lang='lat'>655.</span> <span class='ocrx_word' id='word_1_6' title='bbox 467 843 530 906; x_wconf 88' lang='lat' dir='ltr'>His</span> <span class='ocrx_word' id='word_1_7' title='bbox 546 844 699 924; x_wconf 85' lang='lat' dir='ltr'>adjiciam</span> <span class='ocrx_word' id='word_1_8' title='bbox 714 844 779 909; x_wconf 90' lang='lat' dir='ltr'>hoc</span> <span class='ocrx_word' id='word_1_9' title='bbox 796 845 1055 911; x_wconf 77' lang='lat' dir='ltr'>Mauoxxmts</span> <span class='ocrx_word' id='word_1_10' title='bbox 1066 868 1120 910; x_wconf 88' lang='lat'>:-</span> 
     </span>
    </p>
   </div>
   <div class='ocr_carea' id='block_1_4' title="bbox 282 995 871 2763">
    <p class='ocr_par' dir='ltr' id='par_1_4' title="bbox 334 995 871 1456">
     <span class='ocr_line' id='line_1_4' title="bbox 372 995 869 1068; baseline 0.004 -18"><span class='ocrx_word' id='word_1_11' title='bbox 372 995 503 1052; x_wconf 88' lang='lat' dir='ltr'>Locutus</span> <span class='ocrx_word' id='word_1_12' title='bbox 520 1013 585 1052; x_wconf 87' lang='lat' dir='ltr'>sum</span> <span class='ocrx_word' id='word_1_13' title='bbox 603 1014 671 1052; x_wconf 92' lang='lat' dir='ltr'>cum</span> <span class='ocrx_word' id='word_1_14' title='bbox 690 999 869 1068; x_wconf 90' lang='lat' dir='ltr'>quibusdam</span> 
     </span>
     <span class='ocr_line' id='line_1_5' title="bbox 335 1077 871 1150; baseline 0.004 -20"><span class='ocrx_word' id='word_1_15' title='bbox 335 1077 386 1145; x_wconf 93' lang='lat' dir='ltr'>qui</span> <span class='ocrx_word' id='word_1_16' title='bbox 412 1077 441 1130; x_wconf 94' lang='lat' dir='ltr'>in</span> <span class='ocrx_word' id='word_1_17' title='bbox 465 1079 642 1148; x_wconf 74' lang='lat' dir='ltr'><em>Apocalypsi</em></span> <span class='ocrx_word' id='word_1_18' title='bbox 662 1079 871 1150; x_wconf 92' lang='lat' dir='ltr'>intelliguntur</span> 
     </span>
     <span class='ocr_line' id='line_1_6' title="bbox 336 1157 870 1227; baseline 0.006 -16"><span class='ocrx_word' id='word_1_19' title='bbox 336 1173 388 1227; x_wconf 91' lang='lat' dir='ltr'>per</span> <span class='ocrx_word' id='word_1_20' title='bbox 398 1165 414 1187; x_wconf 77' lang='lat'>‘⁸</span> <span class='ocrx_word' id='word_1_21' title='bbox 424 1157 591 1214; x_wconf 79' lang='lat' dir='ltr'>Draconem</span> <span class='ocrx_word' id='word_1_22' title='bbox 601 1159 625 1221; x_wconf 87' lang='lat'>;&#39;&#39;</span> <span class='ocrx_word' id='word_1_23' title='bbox 637 1169 668 1213; x_wconf 93' lang='lat' dir='ltr'>et</span> <span class='ocrx_word' id='word_1_24' title='bbox 678 1176 754 1214; x_wconf 87' lang='lat' dir='ltr'>unus</span> <span class='ocrx_word' id='word_1_25' title='bbox 763 1176 800 1214; x_wconf 88' lang='lat' dir='ltr'>ex</span> <span class='ocrx_word' id='word_1_26' title='bbox 811 1159 870 1214; x_wconf 92' lang='lat' dir='ltr'>illis</span> 
     </span>
     <span class='ocr_line' id='line_1_7' title="bbox 335 1238 870 1310; baseline 0.004 -19"><span class='ocrx_word' id='word_1_27' title='bbox 335 1238 407 1292; x_wconf 90' lang='lat' dir='ltr'>mihi</span> <span class='ocrx_word' id='word_1_28' title='bbox 424 1239 507 1302; x_wconf 89' lang='lat' dir='ltr'>dixit,</span> <span class='ocrx_word' id='word_1_29' title='bbox 522 1239 615 1294; x_wconf 84' lang='lat' dir='ltr'>“Veni</span> <span class='ocrx_word' id='word_1_30' title='bbox 635 1255 761 1301; x_wconf 90' lang='lat' dir='ltr'>mecum,</span> <span class='ocrx_word' id='word_1_31' title='bbox 774 1250 805 1294; x_wconf 90' lang='lat' dir='ltr'>et</span> <span class='ocrx_word' id='word_1_32' title='bbox 822 1239 870 1310; x_wconf 88' lang='lat' dir='ltr'>ju-</span> 
     </span>
     <span class='ocr_line' id='line_1_8' title="bbox 334 1319 868 1375; baseline 0 -1"><span class='ocrx_word' id='word_1_33' title='bbox 334 1319 503 1374; x_wconf 89' lang='lat' dir='ltr'>cunditates</span> <span class='ocrx_word' id='word_1_34' title='bbox 518 1320 674 1374; x_wconf 91' lang='lat' dir='ltr'>oculorum</span> <span class='ocrx_word' id='word_1_35' title='bbox 690 1331 721 1374; x_wconf 90' lang='lat' dir='ltr'>et</span> <span class='ocrx_word' id='word_1_36' title='bbox 733 1321 868 1375; x_wconf 89' lang='lat' dir='ltr'>cordium</span> 
     </span>
     <span class='ocr_line' id='line_1_9' title="bbox 335 1399 699 1456; baseline -0.003 -2"><span class='ocrx_word' id='word_1_37' title='bbox 335 1399 699 1456; x_wconf 84' lang='lat' dir='ltr'>nostrorumostendam.”</span> 
     </span>
    </p>

    <p class='ocr_par' dir='ltr' id='par_1_5' title="bbox 282 1479 870 2763">
     <span class='ocr_line' id='line_1_10' title="bbox 371 1479 870 1550; baseline 0 -16"><span class='ocrx_word' id='word_1_38' title='bbox 371 1479 409 1534; x_wconf 88' lang='lat' dir='ltr'>Et</span> <span class='ocrx_word' id='word_1_39' title='bbox 425 1479 511 1534; x_wconf 89' lang='lat' dir='ltr'>duxit</span> <span class='ocrx_word' id='word_1_40' title='bbox 529 1495 577 1534; x_wconf 91' lang='lat' dir='ltr'>me</span> <span class='ocrx_word' id='word_1_41' title='bbox 596 1496 649 1550; x_wconf 91' lang='lat' dir='ltr'>per</span> <span class='ocrx_word' id='word_1_42' title='bbox 666 1479 779 1550; x_wconf 83' lang='lat' dir='ltr'>sylvam</span> <span class='ocrx_word' id='word_1_43' title='bbox 798 1495 870 1549; x_wconf 88' lang='lat' dir='ltr'>opa-</span> 
     </span>
     <span class='ocr_line' id='line_1_11' title="bbox 333 1560 868 1632; baseline -0.002 -18"><span class='ocrx_word' id='word_1_44' title='bbox 333 1576 407 1622; x_wconf 90' lang='lat' dir='ltr'>cam,</span> <span class='ocrx_word' id='word_1_45' title='bbox 417 1570 448 1615; x_wconf 93' lang='lat' dir='ltr'>et</span> <span class='ocrx_word' id='word_1_46' title='bbox 457 1577 546 1630; x_wconf 89' lang='lat' dir='ltr'>super</span> <span class='ocrx_word' id='word_1_47' title='bbox 558 1560 673 1623; x_wconf 90' lang='lat' dir='ltr'>collem,</span> <span class='ocrx_word' id='word_1_48' title='bbox 683 1576 700 1615; x_wconf 92' lang='lat' dir='ltr'>e</span> <span class='ocrx_word' id='word_1_49' title='bbox 710 1576 771 1632; x_wconf 94' lang='lat' dir='ltr'>quo</span> <span class='ocrx_word' id='word_1_50' title='bbox 784 1561 868 1630; x_wconf 91' lang='lat' dir='ltr'>potui</span> 
     </span>
     <span class='ocr_line' id='line_1_12' title="bbox 333 1639 869 1710; baseline -0.002 -15"><span class='ocrx_word' id='word_1_51' title='bbox 333 1639 467 1710; x_wconf 58' lang='lat' dir='ltr'>spectare</span> <span class='ocrx_word' id='word_1_52' title='bbox 481 1640 651 1696; x_wconf 88' lang='lat' dir='ltr'>Draconum</span> <span class='ocrx_word' id='word_1_53' title='bbox 661 1641 800 1710; x_wconf 88' lang='lat' dir='ltr'>jucunda.</span> <span class='ocrx_word' id='word_1_54' title='bbox 831 1639 869 1694; x_wconf 87' lang='lat' dir='ltr'>Et</span> 
     </span>
     <span class='ocr_line' id='line_1_13' title="bbox 335 1719 868 1790; baseline -0.002 -15"><span class='ocrx_word' id='word_1_55' title='bbox 335 1720 395 1775; x_wconf 86' lang='lat' dir='ltr'>vidi</span> <span class='ocrx_word' id='word_1_56' title='bbox 408 1721 662 1790; x_wconf 85' lang='lat' dir='ltr'>amphitheatrum</span> <span class='ocrx_word' id='word_1_57' title='bbox 677 1721 706 1774; x_wconf 93' lang='lat' dir='ltr'>in</span> <span class='ocrx_word' id='word_1_58' title='bbox 719 1720 789 1776; x_wconf 90' lang='lat' dir='ltr'>circi</span> <span class='ocrx_word' id='word_1_59' title='bbox 808 1719 868 1775; x_wconf 87' lang='lat' dir='ltr'>lor-</span> 
     </span>
     <span class='ocr_line' id='line_1_14' title="bbox 335 1799 868 1863; baseline 0.002 -9"><span class='ocrx_word' id='word_1_60' title='bbox 335 1816 413 1855; x_wconf 86' lang='lat' dir='ltr'>mam</span> <span class='ocrx_word' id='word_1_61' title='bbox 426 1799 565 1863; x_wconf 72' lang='lat' dir='ltr'>eretium,</span> <span class='ocrx_word' id='word_1_62' title='bbox 579 1817 647 1855; x_wconf 91' lang='lat' dir='ltr'>curn</span> <span class='ocrx_word' id='word_1_63' title='bbox 665 1801 793 1856; x_wconf 88' lang='lat' dir='ltr'>scamnis</span> <span class='ocrx_word' id='word_1_64' title='bbox 811 1801 868 1856; x_wconf 88' lang='lat' dir='ltr'>cir-</span> 
     </span>
     <span class='ocr_line' id='line_1_15' title="bbox 333 1881 867 1951; baseline -0.002 -15"><span class='ocrx_word' id='word_1_65' title='bbox 333 1897 401 1936; x_wconf 91' lang='lat' dir='ltr'>cum</span> <span class='ocrx_word' id='word_1_66' title='bbox 416 1882 494 1936; x_wconf 89' lang='lat' dir='ltr'>cirea</span> <span class='ocrx_word' id='word_1_67' title='bbox 509 1881 629 1951; x_wconf 88' lang='lat' dir='ltr'>oblique</span> <span class='ocrx_word' id='word_1_68' title='bbox 642 1897 759 1936; x_wconf 88' lang='lat' dir='ltr'>sursum</span> <span class='ocrx_word' id='word_1_69' title='bbox 773 1891 867 1936; x_wconf 89' lang='lat' dir='ltr'>struc-</span> 
     </span>
     <span class='ocr_line' id='line_1_16' title="bbox 333 1959 867 2034; baseline 0.004 -18"><span class='ocrx_word' id='word_1_70' title='bbox 333 1963 379 2025; x_wconf 88' lang='lat' dir='ltr'>tis,</span> <span class='ocrx_word' id='word_1_71' title='bbox 392 1979 482 2033; x_wconf 88' lang='lat' dir='ltr'>super</span> <span class='ocrx_word' id='word_1_72' title='bbox 494 1963 602 2034; x_wconf 88' lang='lat' dir='ltr'>quibus</span> <span class='ocrx_word' id='word_1_73' title='bbox 620 1959 803 2032; x_wconf 74' lang='lat' dir='ltr'>spectatores</span> <span class='ocrx_word' id='word_1_74' title='bbox 821 1978 867 2017; x_wconf 85' lang='lat' dir='ltr'>se·</span> 
     </span>
     <span class='ocr_line' id='line_1_17' title="bbox 333 2042 867 2112; baseline -0.004 -15"><span class='ocrx_word' id='word_1_75' title='bbox 333 2044 453 2098; x_wconf 84' lang='lat' dir='ltr'><strong>debant.</strong></span> <span class='ocrx_word' id='word_1_76' title='bbox 491 2042 536 2098; x_wconf 89' lang='lat' dir='ltr'>Illi</span> <span class='ocrx_word' id='word_1_77' title='bbox 556 2043 607 2112; x_wconf 92' lang='lat' dir='ltr'>qui</span> <span class='ocrx_word' id='word_1_78' title='bbox 621 2042 765 2097; x_wconf 82' lang='lat' dir='ltr'>sedebant</span> <span class='ocrx_word' id='word_1_79' title='bbox 777 2059 867 2112; x_wconf 87' lang='lat' dir='ltr'>super</span> 
     </span>
     <span class='ocr_line' id='line_1_18' title="bbox 334 2123 866 2194; baseline -0.004 -16"><span class='ocrx_word' id='word_1_80' title='bbox 334 2123 462 2179; x_wconf 87' lang='lat' dir='ltr'>scamnis</span> <span class='ocrx_word' id='word_1_81' title='bbox 476 2123 585 2178; x_wconf 86' lang='lat' dir='ltr'>intimis</span> <span class='ocrx_word' id='word_1_82' title='bbox 595 2125 777 2194; x_wconf 72' lang='lat' dir='ltr'>apparebant</span> <span class='ocrx_word' id='word_1_83' title='bbox 791 2123 866 2177; x_wconf 93' lang='lat' dir='ltr'>mihi</span> 
     </span>
     <span class='ocr_line' id='line_1_19' title="bbox 333 2203 865 2275; baseline -0.002 -17"><span class='ocrx_word' id='word_1_84' title='bbox 333 2221 349 2258; x_wconf 91' lang='lat' dir='ltr'>e</span> <span class='ocrx_word' id='word_1_85' title='bbox 361 2205 526 2275; x_wconf 85' lang='lat' dir='ltr'>longinquo</span> <span class='ocrx_word' id='word_1_86' title='bbox 537 2205 613 2258; x_wconf 89' lang='lat' dir='ltr'>sicut</span> <span class='ocrx_word' id='word_1_87' title='bbox 624 2203 713 2274; x_wconf 88' lang='lat' dir='ltr'>satyri</span> <span class='ocrx_word' id='word_1_88' title='bbox 724 2213 755 2257; x_wconf 92' lang='lat' dir='ltr'>et</span> <span class='ocrx_word' id='word_1_89' title='bbox 764 2203 865 2274; x_wconf 88' lang='lat' dir='ltr'>priapi,</span> 
     </span>
     <span class='ocr_line' id='line_1_20' title="bbox 333 2285 867 2356; baseline 0 -17"><span class='ocrx_word' id='word_1_90' title='bbox 333 2287 455 2356; x_wconf 91' lang='lat' dir='ltr'>quidam</span> <span class='ocrx_word' id='word_1_91' title='bbox 480 2301 548 2339; x_wconf 91' lang='lat' dir='ltr'>cum</span> <span class='ocrx_word' id='word_1_92' title='bbox 573 2285 720 2340; x_wconf 86' lang='lat' dir='ltr'>velamine</span> <span class='ocrx_word' id='word_1_93' title='bbox 745 2295 867 2356; x_wconf 84' lang='lat' dir='ltr'>tegente</span> 
     </span>
     <span class='ocr_line' id='line_1_21' title="bbox 335 2365 867 2438; baseline 0 -18"><span class='ocrx_word' id='word_1_94' title='bbox 335 2368 482 2438; x_wconf 92' lang='lat' dir='ltr'>pudenda,</span> <span class='ocrx_word' id='word_1_95' title='bbox 493 2377 524 2420; x_wconf 88' lang='lat' dir='ltr'>et</span> <span class='ocrx_word' id='word_1_96' title='bbox 534 2365 656 2437; x_wconf 89' lang='lat' dir='ltr'>quidam</span> <span class='ocrx_word' id='word_1_97' title='bbox 671 2365 743 2418; x_wconf 91' lang='lat' dir='ltr'>nudi</span> <span class='ocrx_word' id='word_1_98' title='bbox 754 2365 867 2435; x_wconf 85' lang='lat' dir='ltr'>absque</span> 
     </span>
     <span class='ocr_line' id='line_1_22' title="bbox 282 2445 867 2515; baseline -0.005 -12"><span class='ocrx_word' id='word_1_99' title='bbox 282 2499 286 2504; x_wconf 90' lang='lat'>.</span> <span class='ocrx_word' id='word_1_100' title='bbox 334 2449 394 2503; x_wconf 84' lang='lat' dir='ltr'>illc.</span> <span class='ocrx_word' id='word_1_101' title='bbox 433 2448 466 2502; x_wconf 92' lang='lat' dir='ltr'>ln</span> <span class='ocrx_word' id='word_1_102' title='bbox 480 2447 609 2502; x_wconf 87' lang='lat' dir='ltr'>scamnis</span> <span class='ocrx_word' id='word_1_103' title='bbox 627 2461 716 2515; x_wconf 89' lang='lat' dir='ltr'>supra</span> <span class='ocrx_word' id='word_1_104' title='bbox 734 2445 802 2500; x_wconf 90' lang='lat' dir='ltr'>illos</span> <span class='ocrx_word' id='word_1_105' title='bbox 820 2462 867 2500; x_wconf 85' lang='lat' dir='ltr'>sc·</span> 
     </span>
     <span class='ocr_line' id='line_1_23' title="bbox 333 2525 867 2585; baseline -0.011 0"><span class='ocrx_word' id='word_1_106' title='bbox 333 2532 444 2585; x_wconf 86' lang='lat' dir='ltr'>debant</span> <span class='ocrx_word' id='word_1_107' title='bbox 456 2538 635 2584; x_wconf 81' lang='lat' dir='ltr'>scortatores</span> <span class='ocrx_word' id='word_1_108' title='bbox 648 2537 678 2580; x_wconf 92' lang='lat' dir='ltr'>et</span> <span class='ocrx_word' id='word_1_109' title='bbox 696 2525 867 2580; x_wconf 82' lang='lat' dir='ltr'>meretrices</span> 
     </span>
     <span class='ocr_line' id='line_1_24' title="bbox 334 2606 867 2680; baseline -0.013 -14"><span class='ocrx_word' id='word_1_110' title='bbox 334 2612 419 2680; x_wconf 88' lang='lat' dir='ltr'>(tales</span> <span class='ocrx_word' id='word_1_111' title='bbox 439 2609 511 2664; x_wconf 91' lang='lat' dir='ltr'>mihi</span> <span class='ocrx_word' id='word_1_112' title='bbox 534 2625 570 2664; x_wconf 90' lang='lat' dir='ltr'>ex</span> <span class='ocrx_word' id='word_1_113' title='bbox 591 2607 725 2679; x_wconf 81' lang='lat' dir='ltr'>gestibus</span> <span class='ocrx_word' id='word_1_114' title='bbox 748 2606 867 2660; x_wconf 89' lang='lat' dir='ltr'>illorum</span> 
     </span>
     <span class='ocr_line' id='line_1_25' title="bbox 333 2690 535 2763; baseline -0.01 -16"><span class='ocrx_word' id='word_1_115' title='bbox 333 2690 535 2763; x_wconf 85' lang='lat' dir='ltr'>apparebant).</span> 
     </span>
    </p>
   </div>
   <div class='ocr_carea' id='block_1_5' title="bbox 373 2778 869 2840">
    <p class='ocr_par' dir='ltr' id='par_1_6' title="bbox 373 2778 869 2840">
     <span class='ocr_line' id='line_1_26' title="bbox 373 2778 869 2840; baseline -0.006 -4"><span class='ocrx_word' id='word_1_116' title='bbox 373 2781 411 2836; x_wconf 88' lang='lat' dir='ltr'>Et</span> <span class='ocrx_word' id='word_1_117' title='bbox 431 2789 504 2833; x_wconf 91' lang='lat' dir='ltr'>tunc</span> <span class='ocrx_word' id='word_1_118' title='bbox 526 2778 602 2832; x_wconf 88' lang='lat' dir='ltr'>dixit</span> <span class='ocrx_word' id='word_1_119' title='bbox 629 2778 727 2833; x_wconf 88' lang='lat' dir='ltr'>Draco</span> <span class='ocrx_word' id='word_1_120' title='bbox 749 2780 786 2834; x_wconf 93' lang='lat' dir='ltr'>ad</span> <span class='ocrx_word' id='word_1_121' title='bbox 813 2796 869 2840; x_wconf 92' lang='lat' dir='ltr'>me,</span> 
     </span>
    </p>
   </div>
   <div class='ocr_carea' id='block_1_6' title="bbox 333 2860 870 3002">
    <p class='ocr_par' dir='ltr' id='par_1_7' title="bbox 333 2860 870 3002">
     <span class='ocr_line' id='line_1_27' title="bbox 333 2860 870 2916; baseline -0.002 0"><span class='ocrx_word' id='word_1_122' title='bbox 333 2862 447 2916; x_wconf 86' lang='lat' dir='ltr'>“Nunc</span> <span class='ocrx_word' id='word_1_123' title='bbox 460 2860 575 2915; x_wconf 89' lang='lat' dir='ltr'>videbis</span> <span class='ocrx_word' id='word_1_124' title='bbox 589 2860 691 2913; x_wconf 91' lang='lat' dir='ltr'>ludum</span> <span class='ocrx_word' id='word_1_125' title='bbox 707 2862 870 2916; x_wconf 85' lang='lat' dir='ltr'>nostrum.&#39;&#39;</span> 
     </span>
     <span class='ocr_line' id='line_1_28' title="bbox 336 2930 869 3002; baseline -0.009 -13"><span class='ocrx_word' id='word_1_126' title='bbox 336 2934 373 2989; x_wconf 87' lang='lat' dir='ltr'>Et</span> <span class='ocrx_word' id='word_1_127' title='bbox 391 2934 453 2989; x_wconf 93' lang='lat' dir='ltr'>vidi</span> <span class='ocrx_word' id='word_1_128' title='bbox 473 2934 501 2988; x_wconf 93' lang='lat' dir='ltr'>in</span> <span class='ocrx_word' id='word_1_129' title='bbox 520 2948 619 2988; x_wconf 89' lang='lat' dir='ltr'>aream</span> <span class='ocrx_word' id='word_1_130' title='bbox 635 2930 705 2985; x_wconf 88' lang='lat' dir='ltr'>circi</span> <span class='ocrx_word' id='word_1_131' title='bbox 726 2942 869 3002; x_wconf 89' lang='lat' dir='ltr'>tanquam</span> 
     </span>
    </p>
   </div>
   <div class='ocr_carea' id='block_1_7' title="bbox 329 3010 868 4692">
    <p class='ocr_par' dir='ltr' id='par_1_8' title="bbox 330 3010 868 3805">
     <span class='ocr_line' id='line_1_29' title="bbox 335 3010 867 3082; baseline -0.004 -15"><span class='ocrx_word' id='word_1_132' title='bbox 335 3020 484 3082; x_wconf 85' lang='lat' dir='ltr'>juvencos,</span> <span class='ocrx_word' id='word_1_133' title='bbox 506 3010 621 3072; x_wconf 88' lang='lat' dir='ltr'>arietes,</span> <span class='ocrx_word' id='word_1_134' title='bbox 647 3025 727 3071; x_wconf 88' lang='lat' dir='ltr'>oves,</span> <span class='ocrx_word' id='word_1_135' title='bbox 753 3010 867 3065; x_wconf 89' lang='lat' dir='ltr'>haedos</span> 
     </span>
     <span class='ocr_line' id='line_1_30' title="bbox 332 3092 866 3165; baseline 0.002 -18"><span class='ocrx_word' id='word_1_136' title='bbox 332 3106 362 3151; x_wconf 88' lang='lat' dir='ltr'>et</span> <span class='ocrx_word' id='word_1_137' title='bbox 372 3110 466 3165; x_wconf 86' lang='lat' dir='ltr'>agnos</span> <span class='ocrx_word' id='word_1_138' title='bbox 480 3092 643 3153; x_wconf 88' lang='lat' dir='ltr'>immiss0s;</span> <span class='ocrx_word' id='word_1_139' title='bbox 662 3100 693 3145; x_wconf 93' lang='lat' dir='ltr'>et</span> <span class='ocrx_word' id='word_1_140' title='bbox 706 3100 866 3162; x_wconf 86' lang='lat' dir='ltr'>postquam</span> 
     </span>
     <span class='ocr_line' id='line_1_31' title="bbox 333 3172 868 3241; baseline -0.006 -12"><span class='ocrx_word' id='word_1_141' title='bbox 333 3175 374 3230; x_wconf 92' lang='lat' dir='ltr'>illi</span> <span class='ocrx_word' id='word_1_142' title='bbox 412 3173 534 3228; x_wconf 90' lang='lat' dir='ltr'>immissi</span> <span class='ocrx_word' id='word_1_143' title='bbox 566 3180 644 3232; x_wconf 90' lang='lat' dir='ltr'>sunt,</span> <span class='ocrx_word' id='word_1_144' title='bbox 680 3172 868 3241; x_wconf 89' lang='lat' dir='ltr'>aperiebatur</span> 
     </span>
     <span class='ocr_line' id='line_1_32' title="bbox 333 3252 867 3326; baseline -0.002 -18"><span class='ocrx_word' id='word_1_145' title='bbox 333 3264 426 3326; x_wconf 88' lang='lat' dir='ltr'>porta,</span> <span class='ocrx_word' id='word_1_146' title='bbox 440 3266 470 3308; x_wconf 93' lang='lat' dir='ltr'>et</span> <span class='ocrx_word' id='word_1_147' title='bbox 484 3254 633 3307; x_wconf 88' lang='lat' dir='ltr'>irruebant</span> <span class='ocrx_word' id='word_1_148' title='bbox 646 3263 787 3323; x_wconf 89' lang='lat' dir='ltr'>tanquam</span> <span class='ocrx_word' id='word_1_149' title='bbox 806 3252 867 3307; x_wconf 91' lang='lat' dir='ltr'>leo·</span> 
     </span>
     <span class='ocr_line' id='line_1_33' title="bbox 332 3332 867 3404; baseline 0 -16"><span class='ocrx_word' id='word_1_150' title='bbox 332 3352 385 3389; x_wconf 89' lang='lat' dir='ltr'>nes</span> <span class='ocrx_word' id='word_1_151' title='bbox 399 3336 531 3404; x_wconf 88' lang='lat' dir='ltr'>juvenes,</span> <span class='ocrx_word' id='word_1_152' title='bbox 546 3332 715 3403; x_wconf 87' lang='lat' dir='ltr'>pantherae,</span> <span class='ocrx_word' id='word_1_153' title='bbox 731 3334 822 3404; x_wconf 88' lang='lat' dir='ltr'>pardi,</span> <span class='ocrx_word' id='word_1_154' title='bbox 835 3345 867 3389; x_wconf 90' lang='lat' dir='ltr'>et</span> 
     </span>
     <span class='ocr_line' id='line_1_34' title="bbox 332 3412 866 3485; baseline -0.002 -16"><span class='ocrx_word' id='word_1_155' title='bbox 332 3416 402 3485; x_wconf 92' lang='lat' dir='ltr'>lupi,</span> <span class='ocrx_word' id='word_1_156' title='bbox 421 3424 452 3468; x_wconf 91' lang='lat' dir='ltr'>et</span> <span class='ocrx_word' id='word_1_157' title='bbox 472 3430 539 3467; x_wconf 93' lang='lat' dir='ltr'>cum</span> <span class='ocrx_word' id='word_1_158' title='bbox 566 3412 665 3467; x_wconf 90' lang='lat' dir='ltr'>lurore</span> <span class='ocrx_word' id='word_1_159' title='bbox 685 3414 866 3471; x_wconf 88' lang='lat' dir='ltr'>invadebant</span> 
     </span>
     <span class='ocr_line' id='line_1_35' title="bbox 331 3493 866 3567; baseline 0 -16"><span class='ocrx_word' id='word_1_160' title='bbox 331 3511 468 3567; x_wconf 79' lang='lat' dir='ltr'>gregem:</span> <span class='ocrx_word' id='word_1_161' title='bbox 487 3510 521 3549; x_wconf 90' lang='lat' dir='ltr'>ac</span> <span class='ocrx_word' id='word_1_162' title='bbox 534 3493 717 3549; x_wconf 88' lang='lat' dir='ltr'>dilaniabant</span> <span class='ocrx_word' id='word_1_163' title='bbox 736 3506 767 3549; x_wconf 88' lang='lat' dir='ltr'>et</span> <span class='ocrx_word' id='word_1_164' title='bbox 786 3512 866 3551; x_wconf 89' lang='lat' dir='ltr'>mac·</span> 
     </span>
     <span class='ocr_line' id='line_1_36' title="bbox 331 3575 865 3645; baseline -0.004 -14"><span class='ocrx_word' id='word_1_165' title='bbox 331 3577 436 3631; x_wconf 86' lang='lat' dir='ltr'>tabant</span> <span class='ocrx_word' id='word_1_166' title='bbox 446 3576 522 3630; x_wconf 91' lang='lat' dir='ltr'>illos.</span> <span class='ocrx_word' id='word_1_167' title='bbox 560 3575 602 3628; x_wconf 90' lang='lat' dir='ltr'>At</span> <span class='ocrx_word' id='word_1_168' title='bbox 611 3575 710 3645; x_wconf 91' lang='lat' dir='ltr'>satyri,</span> <span class='ocrx_word' id='word_1_169' title='bbox 722 3586 790 3645; x_wconf 89' lang='lat' dir='ltr'>post</span> <span class='ocrx_word' id='word_1_170' title='bbox 799 3592 865 3631; x_wconf 90' lang='lat' dir='ltr'>cru-</span> 
     </span>
     <span class='ocr_line' id='line_1_37' title="bbox 331 3656 865 3726; baseline -0.002 -14"><span class='ocrx_word' id='word_1_171' title='bbox 331 3668 432 3712; x_wconf 92' lang='lat' dir='ltr'>entam</span> <span class='ocrx_word' id='word_1_172' title='bbox 448 3656 528 3710; x_wconf 91' lang='lat' dir='ltr'>illam</span> <span class='ocrx_word' id='word_1_173' title='bbox 542 3656 671 3717; x_wconf 88' lang='lat' dir='ltr'>caedem,</span> <span class='ocrx_word' id='word_1_174' title='bbox 686 3657 865 3726; x_wconf 86' lang='lat' dir='ltr'>spargebant</span> 
     </span>
     <span class='ocr_line' id='line_1_38' title="bbox 330 3734 863 3805; baseline 0 -12"><span class='ocrx_word' id='word_1_175' title='bbox 330 3753 450 3793; x_wconf 89' lang='lat' dir='ltr'>arenam</span> <span class='ocrx_word' id='word_1_176' title='bbox 459 3752 549 3805; x_wconf 89' lang='lat' dir='ltr'>super</span> <span class='ocrx_word' id='word_1_177' title='bbox 559 3736 656 3789; x_wconf 92' lang='lat' dir='ltr'>locum</span> <span class='ocrx_word' id='word_1_178' title='bbox 666 3734 863 3793; x_wconf 67' lang='lat' dir='ltr'>mactationis.</span> 
     </span>
    </p>

    <p class='ocr_par' dir='ltr' id='par_1_9' title="bbox 329 3816 864 4034">
     <span class='ocr_line' id='line_1_39' title="bbox 366 3816 864 3880; baseline -0.002 -7"><span class='ocrx_word' id='word_1_179' title='bbox 366 3818 451 3873; x_wconf 90' lang='lat' dir='ltr'>Tunc</span> <span class='ocrx_word' id='word_1_180' title='bbox 464 3817 538 3870; x_wconf 86' lang='lat' dir='ltr'>dixit</span> <span class='ocrx_word' id='word_1_181' title='bbox 552 3818 588 3871; x_wconf 94' lang='lat' dir='ltr'>ad</span> <span class='ocrx_word' id='word_1_182' title='bbox 603 3833 651 3871; x_wconf 90' lang='lat' dir='ltr'>me</span> <span class='ocrx_word' id='word_1_183' title='bbox 671 3816 777 3880; x_wconf 80' lang='lat' dir='ltr'>Draco¹</span> <span class='ocrx_word' id='word_1_184' title='bbox 797 3816 864 3873; x_wconf 86' lang='lat' dir='ltr'>“Hi</span> 
     </span>
     <span class='ocr_line' id='line_1_40' title="bbox 330 3897 864 3968; baseline 0 -16"><span class='ocrx_word' id='word_1_185' title='bbox 330 3908 401 3953; x_wconf 92' lang='lat' dir='ltr'>sunt</span> <span class='ocrx_word' id='word_1_186' title='bbox 420 3898 514 3952; x_wconf 89' lang='lat' dir='ltr'>nostri</span> <span class='ocrx_word' id='word_1_187' title='bbox 534 3898 604 3958; x_wconf 90' lang='lat' dir='ltr'>ludi,</span> <span class='ocrx_word' id='word_1_188' title='bbox 625 3898 677 3968; x_wconf 83' lang='lat' dir='ltr'>qui</span> <span class='ocrx_word' id='word_1_189' title='bbox 696 3897 864 3968; x_wconf 88' lang='lat' dir='ltr'>jucundant</span> 
     </span>
     <span class='ocr_line' id='line_1_41' title="bbox 329 3978 605 4034; baseline -0.007 0"><span class='ocrx_word' id='word_1_190' title='bbox 329 3979 446 4034; x_wconf 87' lang='lat' dir='ltr'>animos</span> <span class='ocrx_word' id='word_1_191' title='bbox 460 3978 605 4033; x_wconf 88' lang='lat' dir='ltr'>nostros.”</span> 
     </span>
    </p>

    <p class='ocr_par' dir='ltr' id='par_1_10' title="bbox 329 4058 864 4371">
     <span class='ocr_line' id='line_1_42' title="bbox 367 4058 864 4129; baseline -0.002 -16"><span class='ocrx_word' id='word_1_192' title='bbox 367 4058 405 4113; x_wconf 91' lang='lat' dir='ltr'>Et</span> <span class='ocrx_word' id='word_1_193' title='bbox 411 4058 785 4129; x_wconf 83' lang='lat' dir='ltr'>respondi,“Abi,daemon;</span> <span class='ocrx_word' id='word_1_194' title='bbox 796 4068 864 4128; x_wconf 88' lang='lat' dir='ltr'>post</span> 
     </span>
     <span class='ocr_line' id='line_1_43' title="bbox 330 4138 864 4211; baseline -0.006 -17"><span class='ocrx_word' id='word_1_195' title='bbox 330 4140 454 4211; x_wconf 91' lang='lat' dir='ltr'>aliquod</span> <span class='ocrx_word' id='word_1_196' title='bbox 473 4150 593 4209; x_wconf 89' lang='lat' dir='ltr'>tempus</span> <span class='ocrx_word' id='word_1_197' title='bbox 612 4138 728 4194; x_wconf 89' lang='lat' dir='ltr'>videbis</span> <span class='ocrx_word' id='word_1_198' title='bbox 746 4138 864 4209; x_wconf 91' lang='lat' dir='ltr'>amphi-</span> 
     </span>
     <span class='ocr_line' id='line_1_44' title="bbox 329 4218 862 4291; baseline 0 -16"><span class='ocrx_word' id='word_1_199' title='bbox 329 4220 480 4275; x_wconf 87' lang='lat' dir='ltr'>theatrum</span> <span class='ocrx_word' id='word_1_200' title='bbox 489 4219 547 4273; x_wconf 91' lang='lat' dir='ltr'>hoc</span> <span class='ocrx_word' id='word_1_201' title='bbox 556 4235 732 4273; x_wconf 89' lang='lat' dir='ltr'>conversum</span> <span class='ocrx_word' id='word_1_202' title='bbox 743 4218 772 4272; x_wconf 91' lang='lat' dir='ltr'>in</span> <span class='ocrx_word' id='word_1_203' title='bbox 780 4231 862 4291; x_wconf 85' lang='lat' dir='ltr'>stag·</span> 
     </span>
     <span class='ocr_line' id='line_1_45' title="bbox 331 4298 728 4371; baseline 0 -18"><span class='ocrx_word' id='word_1_204' title='bbox 331 4317 401 4353; x_wconf 94' lang='lat' dir='ltr'>num</span> <span class='ocrx_word' id='word_1_205' title='bbox 415 4300 493 4371; x_wconf 90' lang='lat' dir='ltr'>ignis</span> <span class='ocrx_word' id='word_1_206' title='bbox 505 4310 536 4354; x_wconf 93' lang='lat' dir='ltr'>et</span> <span class='ocrx_word' id='word_1_207' title='bbox 548 4298 728 4369; x_wconf 83' lang='lat' dir='ltr'>sulphuris”</span> 
     </span>
    </p>

    <p class='ocr_par' dir='ltr' id='par_1_11' title="bbox 367 4379 657 4434">
     <span class='ocr_line' id='line_1_46' title="bbox 367 4379 657 4434; baseline 0.007 -2"><span class='ocrx_word' id='word_1_208' title='bbox 367 4379 420 4434; x_wconf 92' lang='lat' dir='ltr'>Ille</span> <span class='ocrx_word' id='word_1_209' title='bbox 434 4380 498 4434; x_wconf 88' lang='lat' dir='ltr'>risit</span> <span class='ocrx_word' id='word_1_210' title='bbox 511 4391 543 4434; x_wconf 92' lang='lat' dir='ltr'>et</span> <span class='ocrx_word' id='word_1_211' title='bbox 555 4380 657 4434; x_wconf 89' lang='lat' dir='ltr'>abivit.</span> 
     </span>
    </p>

    <p class='ocr_par' dir='ltr' id='par_1_12' title="bbox 329 4458 862 4692">
     <span class='ocr_line' id='line_1_47' title="bbox 367 4458 861 4531; baseline 0 -17"><span class='ocrx_word' id='word_1_212' title='bbox 367 4458 404 4514; x_wconf 85' lang='lat' dir='ltr'>Et</span> <span class='ocrx_word' id='word_1_213' title='bbox 423 4471 527 4531; x_wconf 89' lang='lat' dir='ltr'>postea</span> <span class='ocrx_word' id='word_1_214' title='bbox 546 4478 663 4515; x_wconf 87' lang='lat' dir='ltr'>meeum</span> <span class='ocrx_word' id='word_1_215' title='bbox 683 4460 861 4531; x_wconf 87' lang='lat' dir='ltr'>cogitabam,</span> 
     </span>
     <span class='ocr_line' id='line_1_48' title="bbox 329 4540 862 4611; baseline 0 -18"><span class='ocrx_word' id='word_1_216' title='bbox 329 4556 383 4593; x_wconf 90' lang='lat' dir='ltr'>cur</span> <span class='ocrx_word' id='word_1_217' title='bbox 399 4542 472 4595; x_wconf 89' lang='lat' dir='ltr'>talia</span> <span class='ocrx_word' id='word_1_218' title='bbox 491 4558 509 4595; x_wconf 93' lang='lat' dir='ltr'>a</span> <span class='ocrx_word' id='word_1_219' title='bbox 532 4540 663 4595; x_wconf 91' lang='lat' dir='ltr'>Domino</span> <span class='ocrx_word' id='word_1_220' title='bbox 683 4540 862 4611; x_wconf 91' lang='lat' dir='ltr'>permittun-</span> 
     </span>
     <span class='ocr_line' id='line_1_49' title="bbox 329 4620 862 4692; baseline 0.004 -17"><span class='ocrx_word' id='word_1_221' title='bbox 329 4630 392 4685; x_wconf 89' lang='lat' dir='ltr'>tur;</span> <span class='ocrx_word' id='word_1_222' title='bbox 412 4632 443 4677; x_wconf 91' lang='lat' dir='ltr'>et</span> <span class='ocrx_word' id='word_1_223' title='bbox 456 4621 511 4676; x_wconf 93' lang='lat' dir='ltr'>tuli</span> <span class='ocrx_word' id='word_1_224' title='bbox 531 4636 706 4692; x_wconf 88' lang='lat' dir='ltr'>responsum</span> <span class='ocrx_word' id='word_1_225' title='bbox 726 4620 755 4675; x_wconf 92' lang='lat' dir='ltr'>in</span> <span class='ocrx_word' id='word_1_226' title='bbox 771 4620 862 4677; x_wconf 87' lang='lat' dir='ltr'>corde</span> 
     </span>
    </p>
   </div>
   <div class='ocr_carea' id='block_1_8' title="bbox 909 1000 1484 4691">
    <p class='ocr_par' dir='ltr' id='par_1_13' title="bbox 918 1000 1451 1458">
     <span class='ocr_line' id='line_1_50' title="bbox 920 1000 1450 1074; baseline 0.009 -21"><span class='ocrx_word' id='word_1_227' title='bbox 920 1015 996 1061; x_wconf 90' lang='lat' dir='ltr'>meo,</span> <span class='ocrx_word' id='word_1_228' title='bbox 1015 1000 1097 1071; x_wconf 91' lang='lat' dir='ltr'>quod</span> <span class='ocrx_word' id='word_1_229' title='bbox 1116 1000 1329 1071; x_wconf 87' lang='lat' dir='ltr'>permittantur</span> <span class='ocrx_word' id='word_1_230' title='bbox 1345 1018 1450 1074; x_wconf 88' lang='lat' dir='ltr'>quam·</span> 
     </span>
     <span class='ocr_line' id='line_1_51' title="bbox 919 1079 1449 1152; baseline 0.009 -19"><span class='ocrx_word' id='word_1_231' title='bbox 919 1079 970 1134; x_wconf 92' lang='lat' dir='ltr'>diu</span> <span class='ocrx_word' id='word_1_232' title='bbox 980 1080 1011 1134; x_wconf 90' lang='lat' dir='ltr'>in</span> <span class='ocrx_word' id='word_1_233' title='bbox 1023 1079 1137 1135; x_wconf 88' lang='lat' dir='ltr'>Mundo</span> <span class='ocrx_word' id='word_1_234' title='bbox 1147 1082 1307 1152; x_wconf 88' lang='lat' dir='ltr'>spirituum</span> <span class='ocrx_word' id='word_1_235' title='bbox 1317 1085 1449 1146; x_wconf 77' lang='lat' dir='ltr'>suntsed</span> 
     </span>
     <span class='ocr_line' id='line_1_52' title="bbox 919 1162 1450 1232; baseline 0.004 -18"><span class='ocrx_word' id='word_1_236' title='bbox 919 1171 1078 1230; x_wconf 85' lang='lat' dir='ltr'>postquam</span> <span class='ocrx_word' id='word_1_237' title='bbox 1090 1171 1210 1232; x_wconf 84' lang='lat' dir='ltr'>tempus</span> <span class='ocrx_word' id='word_1_238' title='bbox 1221 1162 1340 1217; x_wconf 90' lang='lat' dir='ltr'>illorum</span> <span class='ocrx_word' id='word_1_239' title='bbox 1354 1164 1384 1218; x_wconf 90' lang='lat' dir='ltr'>in</span> <span class='ocrx_word' id='word_1_240' title='bbox 1398 1163 1450 1218; x_wconf 90' lang='lat' dir='ltr'>illo</span> 
     </span>
     <span class='ocr_line' id='line_1_53' title="bbox 920 1239 1451 1310; baseline 0.006 -16"><span class='ocrx_word' id='word_1_241' title='bbox 920 1240 1034 1295; x_wconf 92' lang='lat' dir='ltr'>mundo</span> <span class='ocrx_word' id='word_1_242' title='bbox 1053 1239 1205 1310; x_wconf 72' lang='lat' dir='ltr'>peractum</span> <span class='ocrx_word' id='word_1_243' title='bbox 1225 1252 1280 1304; x_wconf 91' lang='lat' dir='ltr'>est,</span> <span class='ocrx_word' id='word_1_244' title='bbox 1293 1253 1451 1297; x_wconf 86' lang='lat' dir='ltr'>vertuntur</span> 
     </span>
     <span class='ocr_line' id='line_1_54' title="bbox 918 1320 1450 1378; baseline 0.008 -4"><span class='ocrx_word' id='word_1_245' title='bbox 918 1320 993 1376; x_wconf 89' lang='lat' dir='ltr'>tales</span> <span class='ocrx_word' id='word_1_246' title='bbox 1011 1337 1117 1376; x_wconf 89' lang='lat' dir='ltr'>scenae</span> <span class='ocrx_word' id='word_1_247' title='bbox 1136 1322 1296 1378; x_wconf 88' lang='lat' dir='ltr'>theatrales</span> <span class='ocrx_word' id='word_1_248' title='bbox 1316 1323 1346 1377; x_wconf 92' lang='lat' dir='ltr'>in</span> <span class='ocrx_word' id='word_1_249' title='bbox 1370 1323 1450 1378; x_wconf 87' lang='lat' dir='ltr'>diras</span> 
     </span>
     <span class='ocr_line' id='line_1_55' title="bbox 918 1401 1085 1458; baseline 0.012 -2"><span class='ocrx_word' id='word_1_250' title='bbox 918 1401 1085 1458; x_wconf 81' lang='lat' dir='ltr'>inlernales.</span> 
     </span>
    </p>

    <p class='ocr_par' dir='ltr' id='par_1_14' title="bbox 913 1481 1462 3630">
     <span class='ocr_line' id='line_1_56' title="bbox 953 1481 1450 1553; baseline 0 -17"><span class='ocrx_word' id='word_1_251' title='bbox 953 1481 1063 1537; x_wconf 90' lang='lat' dir='ltr'>Omnia</span> <span class='ocrx_word' id='word_1_252' title='bbox 1082 1483 1132 1536; x_wconf 89' lang='lat' dir='ltr'>illa</span> <span class='ocrx_word' id='word_1_253' title='bbox 1143 1497 1220 1553; x_wconf 89' lang='lat' dir='ltr'>quae</span> <span class='ocrx_word' id='word_1_254' title='bbox 1233 1482 1297 1536; x_wconf 87' lang='lat' dir='ltr'>visa</span> <span class='ocrx_word' id='word_1_255' title='bbox 1312 1492 1391 1546; x_wconf 91' lang='lat' dir='ltr'>sunt,</span> <span class='ocrx_word' id='word_1_256' title='bbox 1405 1484 1450 1536; x_wconf 92' lang='lat' dir='ltr'>in-</span> 
     </span>
     <span class='ocr_line' id='line_1_57' title="bbox 917 1560 1450 1634; baseline -0.004 -16"><span class='ocrx_word' id='word_1_257' title='bbox 917 1560 1008 1618; x_wconf 70' lang='lat' dir='ltr'>ducta</span> <span class='ocrx_word' id='word_1_258' title='bbox 1026 1562 1147 1618; x_wconf 89' lang='lat' dir='ltr'>luerunt</span> <span class='ocrx_word' id='word_1_259' title='bbox 1164 1579 1184 1616; x_wconf 91' lang='lat' dir='ltr'>a</span> <span class='ocrx_word' id='word_1_260' title='bbox 1203 1561 1377 1618; x_wconf 91' lang='lat' dir='ltr'>Draconicis</span> <span class='ocrx_word' id='word_1_261' title='bbox 1395 1580 1450 1634; x_wconf 91' lang='lat' dir='ltr'>per</span> 
     </span>
     <span class='ocr_line' id='line_1_58' title="bbox 917 1643 1449 1715; baseline 0.004 -19"><span class='ocrx_word' id='word_1_262' title='bbox 917 1643 1103 1714; x_wconf 88' lang='lat' dir='ltr'>phantasias;</span> <span class='ocrx_word' id='word_1_263' title='bbox 1121 1660 1213 1714; x_wconf 91' lang='lat' dir='ltr'>quare</span> <span class='ocrx_word' id='word_1_264' title='bbox 1232 1659 1292 1698; x_wconf 91' lang='lat' dir='ltr'>non</span> <span class='ocrx_word' id='word_1_265' title='bbox 1305 1653 1391 1698; x_wconf 88' lang='lat' dir='ltr'>erant</span> <span class='ocrx_word' id='word_1_266' title='bbox 1402 1645 1449 1715; x_wconf 86' lang='lat' dir='ltr'>ju-</span> 
     </span>
     <span class='ocr_line' id='line_1_59' title="bbox 915 1723 1448 1795; baseline 0.004 -17"><span class='ocrx_word' id='word_1_267' title='bbox 915 1723 1010 1786; x_wconf 87' lang='lat' dir='ltr'>venei,</span> <span class='ocrx_word' id='word_1_268' title='bbox 1018 1725 1134 1784; x_wconf 90' lang='lat' dir='ltr'>arietes,</span> <span class='ocrx_word' id='word_1_269' title='bbox 1141 1739 1222 1785; x_wconf 86' lang='lat' dir='ltr'>oves,</span> <span class='ocrx_word' id='word_1_270' title='bbox 1231 1723 1318 1778; x_wconf 88' lang='lat' dir='ltr'>haedi</span> <span class='ocrx_word' id='word_1_271' title='bbox 1325 1725 1448 1795; x_wconf 86' lang='lat' dir='ltr'>etagni:</span> 
     </span>
     <span class='ocr_line' id='line_1_60' title="bbox 915 1803 1449 1873; baseline 0 -14"><span class='ocrx_word' id='word_1_272' title='bbox 915 1805 968 1859; x_wconf 89' lang='lat' dir='ltr'>sed</span> <span class='ocrx_word' id='word_1_273' title='bbox 990 1803 1126 1859; x_wconf 87' lang='lat' dir='ltr'>lecemnt</span> <span class='ocrx_word' id='word_1_274' title='bbox 1148 1814 1182 1859; x_wconf 91' lang='lat' dir='ltr'>ut</span> <span class='ocrx_word' id='word_1_275' title='bbox 1207 1804 1250 1858; x_wconf 89' lang='lat' dir='ltr'>ita</span> <span class='ocrx_word' id='word_1_276' title='bbox 1269 1815 1449 1873; x_wconf 87' lang='lat' dir='ltr'>apparerent</span> 
     </span>
     <span class='ocr_line' id='line_1_61' title="bbox 914 1884 1446 1956; baseline 0.004 -18"><span class='ocrx_word' id='word_1_277' title='bbox 914 1885 1045 1956; x_wconf 85' lang='lat' dir='ltr'>genuina</span> <span class='ocrx_word' id='word_1_278' title='bbox 1057 1886 1135 1940; x_wconf 90' lang='lat' dir='ltr'>bona</span> <span class='ocrx_word' id='word_1_279' title='bbox 1153 1895 1184 1939; x_wconf 93' lang='lat' dir='ltr'>et</span> <span class='ocrx_word' id='word_1_280' title='bbox 1199 1901 1271 1938; x_wconf 87' lang='lat' dir='ltr'>vera</span> <span class='ocrx_word' id='word_1_281' title='bbox 1291 1884 1446 1947; x_wconf 79' lang='lat' dir='ltr'>Ecclesiae,</span> 
     </span>
     <span class='ocr_line' id='line_1_62' title="bbox 914 1965 1448 2036; baseline 0 -16"><span class='ocrx_word' id='word_1_282' title='bbox 914 1983 991 2036; x_wconf 89' lang='lat' dir='ltr'>quae</span> <span class='ocrx_word' id='word_1_283' title='bbox 1001 1967 1072 2021; x_wconf 91' lang='lat' dir='ltr'>odio</span> <span class='ocrx_word' id='word_1_284' title='bbox 1082 1966 1239 2020; x_wconf 89' lang='lat' dir='ltr'>habebant.</span> <span class='ocrx_word' id='word_1_285' title='bbox 1277 1965 1392 2020; x_wconf 86' lang='lat' dir='ltr'>Leones</span> <span class='ocrx_word' id='word_1_286' title='bbox 1400 1967 1448 2035; x_wconf 87' lang='lat' dir='ltr'>ju·</span> 
     </span>
     <span class='ocr_line' id='line_1_63' title="bbox 914 2045 1446 2117; baseline -0.006 -16"><span class='ocrx_word' id='word_1_287' title='bbox 914 2063 1013 2110; x_wconf 87' lang='lat' dir='ltr'>venes,</span> <span class='ocrx_word' id='word_1_288' title='bbox 1033 2047 1203 2117; x_wconf 85' lang='lat' dir='ltr'>pantherae,</span> <span class='ocrx_word' id='word_1_289' title='bbox 1223 2045 1305 2115; x_wconf 91' lang='lat' dir='ltr'>pardi</span> <span class='ocrx_word' id='word_1_290' title='bbox 1324 2055 1357 2100; x_wconf 89' lang='lat' dir='ltr'>et</span> <span class='ocrx_word' id='word_1_291' title='bbox 1374 2045 1446 2116; x_wconf 92' lang='lat' dir='ltr'>lupi,</span> 
     </span>
     <span class='ocr_line' id='line_1_64' title="bbox 914 2125 1446 2197; baseline -0.004 -15"><span class='ocrx_word' id='word_1_292' title='bbox 914 2138 999 2182; x_wconf 90' lang='lat' dir='ltr'>erant</span> <span class='ocrx_word' id='word_1_293' title='bbox 1028 2126 1218 2197; x_wconf 90' lang='lat' dir='ltr'>apparentiae</span> <span class='ocrx_word' id='word_1_294' title='bbox 1248 2125 1446 2195; x_wconf 83' lang='lat' dir='ltr'>cupiditatum</span> 
     </span>
     <span class='ocr_line' id='line_1_65' title="bbox 914 2205 1447 2278; baseline -0.006 -15"><span class='ocrx_word' id='word_1_295' title='bbox 914 2207 993 2278; x_wconf 87' lang='lat' dir='ltr'>apud</span> <span class='ocrx_word' id='word_1_296' title='bbox 1007 2207 1072 2261; x_wconf 90' lang='lat' dir='ltr'>illos</span> <span class='ocrx_word' id='word_1_297' title='bbox 1085 2207 1135 2276; x_wconf 93' lang='lat' dir='ltr'>qui</span> <span class='ocrx_word' id='word_1_298' title='bbox 1148 2207 1204 2261; x_wconf 86' lang='lat' dir='ltr'>visi</span> <span class='ocrx_word' id='word_1_299' title='bbox 1223 2217 1294 2260; x_wconf 91' lang='lat' dir='ltr'>sunt</span> <span class='ocrx_word' id='word_1_300' title='bbox 1305 2205 1383 2260; x_wconf 89' lang='lat' dir='ltr'>sicut</span> <span class='ocrx_word' id='word_1_301' title='bbox 1400 2223 1447 2260; x_wconf 89' lang='lat' dir='ltr'>sa-</span> 
     </span>
     <span class='ocr_line' id='line_1_66' title="bbox 914 2285 1447 2360; baseline -0.004 -17"><span class='ocrx_word' id='word_1_302' title='bbox 914 2289 971 2360; x_wconf 88' lang='lat' dir='ltr'>tyri</span> <span class='ocrx_word' id='word_1_303' title='bbox 990 2298 1022 2342; x_wconf 93' lang='lat' dir='ltr'>et</span> <span class='ocrx_word' id='word_1_304' title='bbox 1041 2287 1144 2358; x_wconf 91' lang='lat' dir='ltr'>priapi.</span> <span class='ocrx_word' id='word_1_305' title='bbox 1182 2285 1223 2340; x_wconf 86' lang='lat' dir='ltr'>Hi</span> <span class='ocrx_word' id='word_1_306' title='bbox 1241 2288 1354 2357; x_wconf 89' lang='lat' dir='ltr'>absque</span> <span class='ocrx_word' id='word_1_307' title='bbox 1366 2287 1447 2341; x_wconf 89' lang='lat' dir='ltr'>vela-</span> 
     </span>
     <span class='ocr_line' id='line_1_67' title="bbox 914 2363 1446 2438; baseline -0.002 -15"><span class='ocrx_word' id='word_1_308' title='bbox 914 2369 995 2423; x_wconf 91' lang='lat' dir='ltr'>mine</span> <span class='ocrx_word' id='word_1_309' title='bbox 1004 2363 1114 2423; x_wconf 88' lang='lat' dir='ltr'>circum</span> <span class='ocrx_word' id='word_1_310' title='bbox 1128 2367 1274 2438; x_wconf 87' lang='lat' dir='ltr'>pudenda,</span> <span class='ocrx_word' id='word_1_311' title='bbox 1287 2377 1381 2430; x_wconf 89' lang='lat' dir='ltr'>erant,</span> <span class='ocrx_word' id='word_1_312' title='bbox 1393 2368 1446 2438; x_wconf 89' lang='lat' dir='ltr'>qui</span> 
     </span>
     <span class='ocr_line' id='line_1_68' title="bbox 914 2449 1447 2520; baseline 0 -16"><span class='ocrx_word' id='word_1_313' title='bbox 914 2449 1103 2504; x_wconf 90' lang='lat' dir='ltr'>crediderunt</span> <span class='ocrx_word' id='word_1_314' title='bbox 1109 2449 1191 2518; x_wconf 91' lang='lat' dir='ltr'>quod</span> <span class='ocrx_word' id='word_1_315' title='bbox 1202 2449 1279 2502; x_wconf 90' lang='lat' dir='ltr'>mala</span> <span class='ocrx_word' id='word_1_316' title='bbox 1287 2464 1348 2503; x_wconf 89' lang='lat' dir='ltr'>non</span> <span class='ocrx_word' id='word_1_317' title='bbox 1356 2465 1447 2520; x_wconf 88' lang='lat' dir='ltr'>appa·</span> 
     </span>
     <span class='ocr_line' id='line_1_69' title="bbox 914 2528 1446 2597; baseline 0 -13"><span class='ocrx_word' id='word_1_318' title='bbox 914 2541 999 2586; x_wconf 88' lang='lat' dir='ltr'>reant</span> <span class='ocrx_word' id='word_1_319' title='bbox 1020 2545 1120 2584; x_wconf 88' lang='lat' dir='ltr'>coram</span> <span class='ocrx_word' id='word_1_320' title='bbox 1144 2528 1225 2592; x_wconf 85' lang='lat' dir='ltr'>De0;</span> <span class='ocrx_word' id='word_1_321' title='bbox 1252 2539 1283 2582; x_wconf 90' lang='lat' dir='ltr'>et</span> <span class='ocrx_word' id='word_1_322' title='bbox 1304 2529 1356 2597; x_wconf 90' lang='lat' dir='ltr'>qui</span> <span class='ocrx_word' id='word_1_323' title='bbox 1377 2545 1446 2584; x_wconf 91' lang='lat' dir='ltr'>cum</span> 
     </span>
     <span class='ocr_line' id='line_1_70' title="bbox 914 2608 1447 2679; baseline -0.004 -15"><span class='ocrx_word' id='word_1_324' title='bbox 914 2609 1068 2670; x_wconf 91' lang='lat' dir='ltr'>velamine,</span> <span class='ocrx_word' id='word_1_325' title='bbox 1082 2619 1167 2662; x_wconf 92' lang='lat' dir='ltr'>erant</span> <span class='ocrx_word' id='word_1_326' title='bbox 1185 2608 1237 2679; x_wconf 92' lang='lat' dir='ltr'>qui</span> <span class='ocrx_word' id='word_1_327' title='bbox 1256 2609 1447 2664; x_wconf 89' lang='lat' dir='ltr'>crediderunt</span> 
     </span>
     <span class='ocr_line' id='line_1_71' title="bbox 914 2689 1446 2762; baseline 0 -18"><span class='ocrx_word' id='word_1_328' title='bbox 914 2691 995 2762; x_wconf 92' lang='lat' dir='ltr'>quod</span> <span class='ocrx_word' id='word_1_329' title='bbox 1017 2700 1187 2760; x_wconf 89' lang='lat' dir='ltr'>appareant,</span> <span class='ocrx_word' id='word_1_330' title='bbox 1207 2689 1259 2743; x_wconf 90' lang='lat' dir='ltr'>sed</span> <span class='ocrx_word' id='word_1_331' title='bbox 1282 2707 1344 2744; x_wconf 91' lang='lat' dir='ltr'>non</span> <span class='ocrx_word' id='word_1_332' title='bbox 1363 2689 1446 2745; x_wconf 92' lang='lat' dir='ltr'>dam-</span> 
     </span>
     <span class='ocr_line' id='line_1_72' title="bbox 914 2769 1446 2831; baseline -0.004 -6"><span class='ocrx_word' id='word_1_333' title='bbox 914 2780 995 2831; x_wconf 88' lang='lat' dir='ltr'>nent,</span> <span class='ocrx_word' id='word_1_334' title='bbox 1015 2771 1106 2825; x_wconf 89' lang='lat' dir='ltr'>modo</span> <span class='ocrx_word' id='word_1_335' title='bbox 1124 2769 1185 2825; x_wconf 91' lang='lat' dir='ltr'>sint</span> <span class='ocrx_word' id='word_1_336' title='bbox 1203 2770 1232 2823; x_wconf 91' lang='lat' dir='ltr'>in</span> <span class='ocrx_word' id='word_1_337' title='bbox 1253 2770 1320 2825; x_wconf 89' lang='lat' dir='ltr'>lide.</span> <span class='ocrx_word' id='word_1_338' title='bbox 1360 2770 1446 2825; x_wconf 91' lang='lat' dir='ltr'>Scor-</span> 
     </span>
     <span class='ocr_line' id='line_1_73' title="bbox 913 2850 1446 2907; baseline -0.002 0"><span class='ocrx_word' id='word_1_339' title='bbox 913 2862 1027 2907; x_wconf 87' lang='lat' dir='ltr'>tatores</span> <span class='ocrx_word' id='word_1_340' title='bbox 1044 2861 1076 2906; x_wconf 90' lang='lat' dir='ltr'>et</span> <span class='ocrx_word' id='word_1_341' title='bbox 1095 2850 1265 2906; x_wconf 87' lang='lat' dir='ltr'>meretrices</span> <span class='ocrx_word' id='word_1_342' title='bbox 1286 2862 1372 2906; x_wconf 90' lang='lat' dir='ltr'>erant</span> <span class='ocrx_word' id='word_1_343' title='bbox 1392 2851 1446 2906; x_wconf 88' lang='lat' dir='ltr'>lal-</span> 
     </span>
     <span class='ocr_line' id='line_1_74' title="bbox 914 2930 1462 2993; baseline 0 -6"><span class='ocrx_word' id='word_1_344' title='bbox 914 2932 1077 2988; x_wconf 73' lang='lat' dir='ltr'>sifioetores</span> <span class='ocrx_word' id='word_1_345' title='bbox 1108 2932 1170 2986; x_wconf 91' lang='lat' dir='ltr'>veri</span> <span class='ocrx_word' id='word_1_346' title='bbox 1202 2930 1302 2993; x_wconf 90' lang='lat' dir='ltr'>Verbi,</span> <span class='ocrx_word' id='word_1_347' title='bbox 1334 2942 1462 2987; x_wconf 83' lang='lat' dir='ltr'>scorta·-</span> 
     </span>
     <span class='ocr_line' id='line_1_75' title="bbox 914 3011 1446 3084; baseline -0.002 -16"><span class='ocrx_word' id='word_1_348' title='bbox 914 3014 958 3068; x_wconf 90' lang='lat' dir='ltr'>tio</span> <span class='ocrx_word' id='word_1_349' title='bbox 982 3014 1062 3069; x_wconf 90' lang='lat' dir='ltr'>enim</span> <span class='ocrx_word' id='word_1_350' title='bbox 1088 3012 1236 3084; x_wconf 86' lang='lat' dir='ltr'>significat</span> <span class='ocrx_word' id='word_1_351' title='bbox 1264 3011 1446 3067; x_wconf 84' lang='lat' dir='ltr'>lalsificatio-</span> 
     </span>
     <span class='ocr_line' id='line_1_76' title="bbox 915 3093 1445 3163; baseline -0.002 -16"><span class='ocrx_word' id='word_1_352' title='bbox 915 3111 985 3149; x_wconf 93' lang='lat' dir='ltr'>nem</span> <span class='ocrx_word' id='word_1_353' title='bbox 1003 3095 1075 3149; x_wconf 86' lang='lat' dir='ltr'>veri.</span> <span class='ocrx_word' id='word_1_354' title='bbox 1113 3094 1147 3147; x_wconf 91' lang='lat' dir='ltr'>ln</span> <span class='ocrx_word' id='word_1_355' title='bbox 1167 3093 1280 3147; x_wconf 90' lang='lat' dir='ltr'>mundo</span> <span class='ocrx_word' id='word_1_356' title='bbox 1298 3093 1445 3163; x_wconf 87' lang='lat' dir='ltr'>spirituali</span> 
     </span>
     <span class='ocr_line' id='line_1_77' title="bbox 915 3174 1446 3243; baseline 0.002 -16"><span class='ocrx_word' id='word_1_357' title='bbox 915 3174 1017 3228; x_wconf 89' lang='lat' dir='ltr'>omnia</span> <span class='ocrx_word' id='word_1_358' title='bbox 1034 3184 1179 3243; x_wconf 88' lang='lat' dir='ltr'>apparent</span> <span class='ocrx_word' id='word_1_359' title='bbox 1197 3174 1362 3227; x_wconf 90' lang='lat' dir='ltr'>secundum</span> <span class='ocrx_word' id='word_1_360' title='bbox 1380 3189 1446 3228; x_wconf 90' lang='lat' dir='ltr'>cor·</span> 
     </span>
     <span class='ocr_line' id='line_1_78' title="bbox 915 3253 1445 3325; baseline -0.002 -16"><span class='ocrx_word' id='word_1_361' title='bbox 915 3253 1351 3325; x_wconf 85' lang='lat' dir='ltr'>respondentiaselonginquo;</span> <span class='ocrx_word' id='word_1_362' title='bbox 1369 3270 1445 3324; x_wconf 89' lang='lat' dir='ltr'>quae</span> 
     </span>
     <span class='ocr_line' id='line_1_79' title="bbox 913 3333 1446 3403; baseline -0.002 -16"><span class='ocrx_word' id='word_1_363' title='bbox 913 3350 981 3388; x_wconf 91' lang='lat' dir='ltr'>cum</span> <span class='ocrx_word' id='word_1_364' title='bbox 1000 3344 1144 3403; x_wconf 84' lang='lat' dir='ltr'>apparent</span> <span class='ocrx_word' id='word_1_365' title='bbox 1161 3334 1190 3388; x_wconf 92' lang='lat' dir='ltr'>in</span> <span class='ocrx_word' id='word_1_366' title='bbox 1210 3333 1321 3394; x_wconf 90' lang='lat' dir='ltr'>lormis,</span> <span class='ocrx_word' id='word_1_367' title='bbox 1336 3350 1446 3388; x_wconf 89' lang='lat' dir='ltr'>vocan-</span> 
     </span>
     <span class='ocr_line' id='line_1_80' title="bbox 913 3414 1446 3485; baseline 0.002 -17"><span class='ocrx_word' id='word_1_368' title='bbox 913 3426 964 3469; x_wconf 88' lang='lat' dir='ltr'>tur</span> <span class='ocrx_word' id='word_1_369' title='bbox 992 3414 1282 3484; x_wconf 88' lang='lat' dir='ltr'>repraesentationes</span> <span class='ocrx_word' id='word_1_370' title='bbox 1307 3415 1446 3485; x_wconf 90' lang='lat' dir='ltr'>spiritua·</span> 
     </span>
     <span class='ocr_line' id='line_1_81' title="bbox 914 3493 1446 3565; baseline 0 -16"><span class='ocrx_word' id='word_1_371' title='bbox 914 3496 986 3549; x_wconf 90' lang='lat' dir='ltr'>lium</span> <span class='ocrx_word' id='word_1_372' title='bbox 1009 3495 1039 3549; x_wconf 88' lang='lat' dir='ltr'>in</span> <span class='ocrx_word' id='word_1_373' title='bbox 1057 3493 1184 3565; x_wconf 72' lang='lat' dir='ltr'>objedtis</span> <span class='ocrx_word' id='word_1_374' title='bbox 1206 3496 1384 3549; x_wconf 88' lang='lat' dir='ltr'>naturalium</span> <span class='ocrx_word' id='word_1_375' title='bbox 1406 3496 1446 3551; x_wconf 88' lang='lat' dir='ltr'>si·</span> 
     </span>
     <span class='ocr_line' id='line_1_82' title="bbox 913 3576 1041 3630; baseline 0 -1"><span class='ocrx_word' id='word_1_376' title='bbox 913 3576 1041 3630; x_wconf 90' lang='lat' dir='ltr'>milibus.</span> 
     </span>
    </p>

    <p class='ocr_par' dir='ltr' id='par_1_15' title="bbox 910 3654 1484 4292">
     <span class='ocr_line' id='line_1_83' title="bbox 949 3654 1445 3711; baseline -0.002 0"><span class='ocrx_word' id='word_1_377' title='bbox 949 3656 1059 3711; x_wconf 89' lang='lat' dir='ltr'>Postea</span> <span class='ocrx_word' id='word_1_378' title='bbox 1068 3654 1206 3709; x_wconf 90' lang='lat' dir='ltr'>videbam</span> <span class='ocrx_word' id='word_1_379' title='bbox 1221 3654 1288 3709; x_wconf 88' lang='lat' dir='ltr'>illos</span> <span class='ocrx_word' id='word_1_380' title='bbox 1300 3666 1445 3710; x_wconf 89' lang='lat' dir='ltr'>exeuntes</span> 
     </span>
     <span class='ocr_line' id='line_1_84' title="bbox 912 3734 1445 3807; baseline -0.002 -15"><span class='ocrx_word' id='word_1_381' title='bbox 912 3754 929 3792; x_wconf 89' lang='lat' dir='ltr'>e</span> <span class='ocrx_word' id='word_1_382' title='bbox 947 3737 1038 3807; x_wconf 85' lang='lat' dir='ltr'>sylva,</span> <span class='ocrx_word' id='word_1_383' title='bbox 1052 3734 1219 3790; x_wconf 89' lang='lat' dir='ltr'>Draconem</span> <span class='ocrx_word' id='word_1_384' title='bbox 1240 3737 1270 3788; x_wconf 93' lang='lat' dir='ltr'>in</span> <span class='ocrx_word' id='word_1_385' title='bbox 1287 3736 1387 3790; x_wconf 91' lang='lat' dir='ltr'>medio</span> <span class='ocrx_word' id='word_1_386' title='bbox 1399 3752 1445 3791; x_wconf 88' lang='lat' dir='ltr'>sa·</span> 
     </span>
     <span class='ocr_line' id='line_1_85' title="bbox 913 3816 1484 3888; baseline 0.002 -17"><span class='ocrx_word' id='word_1_387' title='bbox 913 3829 1045 3888; x_wconf 88' lang='lat' dir='ltr'>tyrorum</span> <span class='ocrx_word' id='word_1_388' title='bbox 1055 3827 1086 3871; x_wconf 92' lang='lat' dir='ltr'>et</span> <span class='ocrx_word' id='word_1_389' title='bbox 1094 3816 1274 3887; x_wconf 91' lang='lat' dir='ltr'>priaporum,</span> <span class='ocrx_word' id='word_1_390' title='bbox 1282 3816 1445 3872; x_wconf 87' lang='lat' dir='ltr'>accalones&#39;</span> <span class='ocrx_word' id='word_1_391' title='bbox 1477 3830 1484 3846; x_wconf 90' lang='lat'><strong>·</strong></span> 
     </span>
     <span class='ocr_line' id='line_1_86' title="bbox 912 3898 1444 3966; baseline -0.004 -12"><span class='ocrx_word' id='word_1_392' title='bbox 912 3908 943 3953; x_wconf 91' lang='lat' dir='ltr'>et</span> <span class='ocrx_word' id='word_1_393' title='bbox 961 3898 1045 3959; x_wconf 86' lang='lat' dir='ltr'>lixae,</span> <span class='ocrx_word' id='word_1_394' title='bbox 1065 3911 1141 3966; x_wconf 92' lang='lat' dir='ltr'>quae</span> <span class='ocrx_word' id='word_1_395' title='bbox 1159 3908 1245 3951; x_wconf 92' lang='lat' dir='ltr'>erant</span> <span class='ocrx_word' id='word_1_396' title='bbox 1264 3908 1444 3953; x_wconf 88' lang='lat' dir='ltr'>scortatores</span> 
     </span>
     <span class='ocr_line' id='line_1_87' title="bbox 911 3977 1444 4048; baseline 0 -15"><span class='ocrx_word' id='word_1_397' title='bbox 911 3990 942 4034; x_wconf 91' lang='lat' dir='ltr'>et</span> <span class='ocrx_word' id='word_1_398' title='bbox 955 3978 1131 4039; x_wconf 88' lang='lat' dir='ltr'>meretrices,</span> <span class='ocrx_word' id='word_1_399' title='bbox 1145 3987 1215 4047; x_wconf 91' lang='lat' dir='ltr'>post</span> <span class='ocrx_word' id='word_1_400' title='bbox 1231 3977 1306 4032; x_wconf 88' lang='lat' dir='ltr'>illos.</span> <span class='ocrx_word' id='word_1_401' title='bbox 1342 3978 1444 4048; x_wconf 84' lang='lat' dir='ltr'>Auge·</span> 
     </span>
     <span class='ocr_line' id='line_1_88' title="bbox 911 4056 1443 4129; baseline -0.004 -16"><span class='ocrx_word' id='word_1_402' title='bbox 911 4060 1000 4113; x_wconf 89' lang='lat' dir='ltr'>batur</span> <span class='ocrx_word' id='word_1_403' title='bbox 1016 4074 1124 4129; x_wconf 84' lang='lat' dir='ltr'>agmen</span> <span class='ocrx_word' id='word_1_404' title='bbox 1143 4058 1173 4111; x_wconf 89' lang='lat' dir='ltr'>in</span> <span class='ocrx_word' id='word_1_405' title='bbox 1191 4056 1249 4119; x_wconf 82' lang='lat' dir='ltr'>via,</span> <span class='ocrx_word' id='word_1_406' title='bbox 1263 4068 1294 4112; x_wconf 93' lang='lat' dir='ltr'>et</span> <span class='ocrx_word' id='word_1_407' title='bbox 1306 4068 1379 4111; x_wconf 93' lang='lat' dir='ltr'>tunc</span> <span class='ocrx_word' id='word_1_408' title='bbox 1392 4059 1443 4112; x_wconf 92' lang='lat' dir='ltr'>da-</span> 
     </span>
     <span class='ocr_line' id='line_1_89' title="bbox 911 4138 1443 4210; baseline -0.002 -17"><span class='ocrx_word' id='word_1_409' title='bbox 911 4150 976 4193; x_wconf 89' lang='lat' dir='ltr'>tum</span> <span class='ocrx_word' id='word_1_410' title='bbox 995 4150 1042 4193; x_wconf 93' lang='lat' dir='ltr'>est</span> <span class='ocrx_word' id='word_1_411' title='bbox 1053 4138 1155 4194; x_wconf 90' lang='lat' dir='ltr'>audire</span> <span class='ocrx_word' id='word_1_412' title='bbox 1170 4138 1243 4210; x_wconf 92' lang='lat' dir='ltr'>quid</span> <span class='ocrx_word' id='word_1_413' title='bbox 1264 4139 1342 4194; x_wconf 90' lang='lat' dir='ltr'>inter</span> <span class='ocrx_word' id='word_1_414' title='bbox 1353 4155 1385 4193; x_wconf 92' lang='lat' dir='ltr'>se</span> <span class='ocrx_word' id='word_1_415' title='bbox 1399 4139 1443 4192; x_wconf 91' lang='lat' dir='ltr'>lo·</span> 
     </span>
     <span class='ocr_line' id='line_1_90' title="bbox 910 4220 1087 4292; baseline 0 -19"><span class='ocrx_word' id='word_1_416' title='bbox 910 4220 1087 4292; x_wconf 90' lang='lat' dir='ltr'>quebantur.</span> 
     </span>
    </p>

    <p class='ocr_par' dir='ltr' id='par_1_16' title="bbox 909 4298 1443 4691">
     <span class='ocr_line' id='line_1_91' title="bbox 949 4298 1443 4369; baseline -0.002 -15"><span class='ocrx_word' id='word_1_417' title='bbox 949 4299 1095 4354; x_wconf 91' lang='lat' dir='ltr'>Dicebant</span> <span class='ocrx_word' id='word_1_418' title='bbox 1102 4298 1184 4369; x_wconf 92' lang='lat' dir='ltr'>quod</span> <span class='ocrx_word' id='word_1_419' title='bbox 1191 4298 1328 4353; x_wconf 90' lang='lat' dir='ltr'>viderent</span> <span class='ocrx_word' id='word_1_420' title='bbox 1336 4299 1365 4351; x_wconf 92' lang='lat' dir='ltr'>in</span> <span class='ocrx_word' id='word_1_421' title='bbox 1377 4314 1443 4369; x_wconf 91' lang='lat' dir='ltr'>pra·</span> 
     </span>
     <span class='ocr_line' id='line_1_92' title="bbox 909 4379 1443 4451; baseline 0 -18"><span class='ocrx_word' id='word_1_422' title='bbox 909 4390 943 4434; x_wconf 93' lang='lat' dir='ltr'>to</span> <span class='ocrx_word' id='word_1_423' title='bbox 960 4396 1081 4451; x_wconf 86' lang='lat' dir='ltr'>gregem</span> <span class='ocrx_word' id='word_1_424' title='bbox 1091 4379 1193 4433; x_wconf 86' lang='lat' dir='ltr'>ovium</span> <span class='ocrx_word' id='word_1_425' title='bbox 1213 4394 1280 4432; x_wconf 92' lang='lat' dir='ltr'>curn</span> <span class='ocrx_word' id='word_1_426' title='bbox 1299 4379 1392 4449; x_wconf 87' lang='lat' dir='ltr'>agnis,</span> <span class='ocrx_word' id='word_1_427' title='bbox 1412 4390 1443 4433; x_wconf 93' lang='lat' dir='ltr'>et</span> 
     </span>
     <span class='ocr_line' id='line_1_93' title="bbox 909 4459 1443 4531; baseline 0.002 -18"><span class='ocrx_word' id='word_1_428' title='bbox 909 4461 991 4531; x_wconf 93' lang='lat' dir='ltr'>quod</span> <span class='ocrx_word' id='word_1_429' title='bbox 1011 4459 1069 4513; x_wconf 89' lang='lat' dir='ltr'>hoc</span> <span class='ocrx_word' id='word_1_430' title='bbox 1087 4459 1205 4529; x_wconf 89' lang='lat' dir='ltr'>signum</span> <span class='ocrx_word' id='word_1_431' title='bbox 1224 4459 1264 4512; x_wconf 91' lang='lat' dir='ltr'>sit</span> <span class='ocrx_word' id='word_1_432' title='bbox 1282 4459 1363 4528; x_wconf 89' lang='lat' dir='ltr'>quod</span> <span class='ocrx_word' id='word_1_433' title='bbox 1382 4474 1443 4515; x_wconf 85' lang='lat' dir='ltr'>una</span> 
     </span>
     <span class='ocr_line' id='line_1_94' title="bbox 909 4538 1442 4609; baseline -0.002 -15"><span class='ocrx_word' id='word_1_434' title='bbox 909 4542 980 4595; x_wconf 87' lang='lat' dir='ltr'>urbs</span> <span class='ocrx_word' id='word_1_435' title='bbox 997 4556 1035 4594; x_wconf 88' lang='lat' dir='ltr'>ex</span> <span class='ocrx_word' id='word_1_436' title='bbox 1052 4540 1175 4594; x_wconf 86' lang='lat' dir='ltr'>urbibus</span> <span class='ocrx_word' id='word_1_437' title='bbox 1195 4538 1442 4609; x_wconf 86' lang='lat' dir='ltr'>Hierosolymita-</span> 
     </span>
     <span class='ocr_line' id='line_1_95' title="bbox 910 4619 1440 4691; baseline 0 -16"><span class='ocrx_word' id='word_1_438' title='bbox 910 4621 964 4685; x_wconf 84' lang='lat' dir='ltr'>nis,</span> <span class='ocrx_word' id='word_1_439' title='bbox 978 4620 1028 4675; x_wconf 91' lang='lat' dir='ltr'>ubi</span> <span class='ocrx_word' id='word_1_440' title='bbox 1047 4619 1177 4675; x_wconf 86' lang='lat' dir='ltr'>charitas</span> <span class='ocrx_word' id='word_1_441' title='bbox 1195 4619 1368 4691; x_wconf 89' lang='lat' dir='ltr'>primarium</span> <span class='ocrx_word' id='word_1_442' title='bbox 1386 4630 1440 4682; x_wconf 88' lang='lat' dir='ltr'>est,</span> 
     </span>
    </p>
   </div>
   <div class='ocr_carea' id='block_1_9' title="bbox 0 0 1696 5400">
    <p class='ocr_par' dir='ltr' id='par_1_17' title="bbox 0 0 1696 5400">
     <span class='ocr_line' id='line_1_96' title="bbox 0 0 1696 5400; baseline 0 2"><span class='ocrx_word' id='word_1_443' title='bbox 0 0 1696 5400; x_wconf 95' lang='lat' dir='ltr'> </span> 
     </span>
    </p>
   </div>
  </div>
 </body>
</html>
