3384 5400
479 690 557 740 can.
575 690 797 752 xx11.,vnns.
818 690 944 741 12.—u.
961 694 1031 759 949.
1250 678 1311 759 857

197 862 285 927 lalsls
302 872 355 926 est
378 862 571 926 auferuntur
590 862 915 950 veratantumplus
937 864 979 927 in.
988 864 1082 927 falsis
1101 874 1174 942 θείς
1200 885 1239 927 ac
1263 864 1312 927 vi·

196 958 317 1032 elusim,
344 967 509 1039 quantum
534 957 633 1021 alicui
658 959 714 1039 qui
740 960 773 1019 in
801 959 898 1021 bonis
918 969 977 1027 ost
1003 958 1196 1023 auferuntur
1222 960 1313 1023 mala

196 1061 328 1115 tantum
351 1050 426 1133 plus
448 1052 481 1113 in
503 1051 601 1114 bonis
624 1062 689 1127 est,
713 1061 749 1114 et
771 1062 935 1133 quantum
950 1051 1139 1135 alicuiqni
1162 1054 1197 1117 iu
1225 1056 1312 1117 veris

195 1156 246 1208 est
272 1144 465 1208 auferuntur
487 1145 572 1207 salsa
598 1155 732 1209 tantum
758 1146 833 1228 plus
858 1147 893 1209 in
919 1148 1097 1211 veris-est.-
1149 1147 1226 1211 Hoc
1253 1159 1312 1213 aut

193 1240 274 1302 illud
291 1238 332 1303 fit
348 1238 503 1303 omnibus
519 1248 601 1321 post
619 1241 842 1314 mortemon
860 1242 1214 1324 onimpraeparanlur
1232 1242 1312 1306 mali

192 1334 235 1397 ad
258 1333 440 1409 infernum,
458 1343 494 1397 et
517 1333 596 1397 boni
618 1334 662 1397 ad
681 1333 844 1412 Caelum
861 1353 941 1398 :non
958 1337 1049 1399 enim
1067 1336 1312 1418 potestmalus

193 1448 306 1492 secum
328 1429 414 1491 serre
435 1429 480 1491 ad
502 1428 672 1491 lnlernum
694 1429 785 1493 bona
800 1440 843 1493 at
865 1450 955 1506 vera,
979 1450 1041 1494 nec
1065 1440 1180 1513 potest
1203 1432 1312 1495 bonus

192 1542 305 1587 secum
324 1522 409 1587 serre
426 1523 460 1585 in
479 1522 617 1586 Caelum
637 1522 780 1587 malaet
798 1523 892 1599 falsa,
913 1526 959 1588 sic
978 1525 1309 1589 enimaonsundere-

193 1626 246 1680 tur
260 1626 297 1681 et
314 1616 453 1680 Caelum
472 1626 507 1681 et
527 1616 720 1681 Internum„
751 1616 820 1681 Sed
838 1620 943 1700 pnobo
958 1620 1132 1683 sciendum
1148 1630 1200 1687 est
1219 1620 1311 1702 quod

191 1710 426 1793 intelligantur
443 1712 582 1776 interius
598 1712 689 1786 mali,
707 1731 757 1776 ao
770 1714 914 1776 interius
930 1714 1029 1792 boni;
1059 1725 1202 1796 possunt
1219 1716 1310 1779 enim

191 1806 331 1868 interius
347 1806 427 1869 mali
445 1808 596 1869 exterius
614 1807 693 1869 boni
712 1827 797 1881 esse,
811 1828 916 1889 agere
934 1810 1025 1873 enim
1041 1820 1191 1891 possunt·
1201 1822 1239 1875 nt
1257 1808 1309 1873 lo-

191 1900 246 1981 qui
258 1898 345 1963 sicut
360 1901 451 1975 boni,
464 1908 501 1963 ut
514 1900 863 1983 iaciunt-hypocaitao,
877 1912 917 1967 et·
925 1914 1067 1984 possunt
1079 1905 1219 1971 interius
1228 1905 1309 1969 boni

191 1994 393 2076 quandoque
407 1996 557 2057 extetius
572 1994 653 2058 mali
671 2016 757 2069 esse,
774 2007 917 2077 possunt
929 1998 1022 2063 ,enim
1038 1999 1189 2063 exterius
1206 2019 1309 2081 agere

191 2089 281 2151 mala
302 2099 338 2152 et
365 2089 456 2172 loqui
477 2089 571 2164 ¹falsa,
595 2090 656 2152 sed
679 2092 1051 2172 usquezpaenitentiam
1069 2103 1190 2173 agunt,
1213 2104 1248 2157 et
1274 2095 1308 2159 in
1414 2162 1419 2173 ,
1451 2144 1454 2153 2

191 2184 277 2246 veris
292 2182 411 2246 volunt
427 2183 615 2249 informari:
640 2184 705 2247 hoc
715 2185 812 2246 idem
827 2186 988 2267 estquod
1005 2186 1171 2251 Dominus
1187 2189 1279 2263 dicit,
1304 2236 1306 2241 -

240 2331 387 2381 “Habenti
398 2332 472 2381 omni
484 2331 589 2380 dabitur
600 2341 629 2381 ut
640 2332 776 2391 abundet;
792 2332 828 2380 ab
842 2346 876 2381 eo
889 2342 979 2381 autem
992 2334 1036 2396 qul
1056 2349 1109 2383 non
1122 2335 1211 2393 habet,
1225 2336 1307 2385 etiam

318 2398 390 2461 quod
399 2398 479 2446 habet
487 2396 635 2446 mittetur
638 2396 797 2458 ’matta
772 2398 827 2447 nii.
841 2410 887 2447 12·
881 2413 963 2461 ,cao
974 2414 1043 2449 xxv.
1050 2410 1097 2462 293
1114 2401 1219 2451 Marc:
1212 2416 1246 2451 ιν.
1259 2414 1307 2461 25;

318 2462 382 2513 Luc.
394 2463 448 2513 viii.
462 2456 508 2523 i8;
526 2477 584 2525 cap.
596 2464 650 2513 xix.
662 2462 712 2524 26).

189 2605 243 2668 lta
268 2604 306 2668 fit
332 2606 487 2668 omnibus
513 2613 592 2687 post
620 2614 766 2681 mortem
792 2614 874 2667 ante
897 2604 1054 2686 judicium
1083 2625 1181 2689 super
1209 2607 1306 2685 illos;

189 2701 291 2764 etiam
310 2696 434 2763 sallum
454 2709 507 2763 est
529 2701 563 2763 in
586 2700 757 2763 communi
774 2718 852 2762 cum
871 2698 935 2766 illis
954 2702 1009 2784 qui
1032 2702 1085 2765 die
1105 2702 1226 2768 Ultimi
1248 2703 1306 2784 Ju-

189 2795 266 2857 dicii
291 2794 345 2857 vel
372 2795 542 2876 perierunt
568 2793 622 2856 vel
650 2794 772 2857 salvati
795 2804 874 2857 sunt
887 2811 897 2872 ;¹
927 2814 1005 2857 nam
1032 2807 1215 2879 antequam
1241 2799 1307 2864 hoc

187 2886 311 2952 fastum
335 2899 399 2963 est,
423 2908 491 2951 non
514 2890 625 2970 potuit
649 2887 817 2956 Ultimum
839 2887 1006 2970 Judicium
1029 2889 1109 2968 fieri,
1134 2911 1178 2955 ex
1205 2911 1307 2956 causa

188 2985 267 3065 quia
293 2983 451 3066 quamdiu
472 2982 563 3045 'mali
596 2984 805 3047 retinuerunt
837 2984 928 3046 bona
959 2993 996 3048 et
1028 3005 1108 3048 vera
1137 2985 1306 3068 conjunfli

187 3077 318 3153 luerunt
341 3097 417 3140 cum
436 3075 567 3157 angelis
587 3077 694 3139 ultimi
713 3076 807 3140 Caeli
822 3079 936 3159 'quoad
955 3087 1110 3154 externa,
1130 3091 1165 3144 et
1189 3092 1305 3145 tamen

188 3172 363 3252 separandi
378 3181 495 3248 erant3
519 3181 559 3233 et'
570 3170 634 3233 hoc
651 3172 809 3253 estquod
826 3171 1033 3253 praediolum
1050 3185 1102 3237 est
1121 3195 1141 3238 a
1157 3176 1305 3242 Domino

188 3265 326 3348 (Mutela.
345 3267 413 3331 xiii.
434 3279 539 3344 24-30
559 3275 595 3328 et
619 3267 731 3344 38-40,
751 3286 837 3347 quae
858 3267 1031 3348 explicata
1050 3271 1228 3333 videantur
1248 3291 1304 3332 su-

187 3380 256 3441 pra,
273 3380 305 3422 n.
326 3375 396 3439 324,
414 3375 485 3440 329,
503 3375 574 3440 343,
592 3359 663 3438 346,
681 3358 768 3441 398).¹
814 3359 870 3424 Ex
884 3361 940 3422 his
959 3362 1064 3425 videri
1083 3373 1208 3444 potest,
1224 3367 1304 3447 quid

187 3456 219 3515 in
246 3453 353 3517 Sensu
379 3453 541 3536 spirituali
565 3451 771 3534 significatur
797 3473 857 3534 per
884 3453 1051 3534 “injustus
1079 3457 1219 3536 injustus
1245 3458 1304 3523 fiat

186 3545 306 3624 adhuc,
330 3558 365 3610 et
392 3547 545 3609 sordidus
572 3547 746 3611 sordescat
772 3548 893 3622 adhuc,
920 3558 955 3611 et
977 3549 1085 3629 justus
1104 3551 1305 3630 justificetur

186 3642 306 3718 adhuc,
319 3651 354 3705 et
369 3638 505 3704 sanlius
518 3639 745 3704 saniiificetur
759 3641 897 3706 adhuc.’'
934 3641 1061 3707 Similia
1073 3645 1304 3727 significantur

185 3756 245 3820 per
262 3737 345 3799 haec
364 3735 452 3818 apud
471 3735 666 3798 Danielem:

237 3883 314 3932 ”Abi
324 3881 430 3942 Daniel,
437 3883 501 3946 qula
507 3883 982 3962 ocdmetobsignanvarnauuque
989 3887 1024 3938 ad
1034 3896 1143 3950 tempus
1148 3889 1224 3940 finio:
1242 3905 1303 3953 pur·

313 3950 448 4010 gabuntur
463 3959 490 3996 et
506 3949 705 3998 mundabuntur
722 3949 828 4009 multi,
820 3951 901 4012 impie
917 3961 1006 4014 agent,
1022 3968 1071 4002 nee
1088 3955 1240 4016 intelligent
1255 3955 1302 4007 ulli

314 4011 397 4076 impii,
410 4013 592 4076 intelligentta
603 4023 694 4062 namen
706 4013 945 4078 intelligent”(1il
957 4031 981 4079 9,
994 4018 1074 4080 10).

243 4167 349 4236 949.
373 4165 460 4230 [Vm
474 4162 528 4229 na]
554 4153 619 4220 El
630 4153 887 4235 vocemmeam,
900 4162 1068 4222 almannus
1079 4159 1229 4224 lacoon
1244 4161 1301 4234 la,

184 4244 317 4306 meone
330 4241 491 4322 unicuique
511 4241 595 4304 sicul
612 4261 690 4324 opus.
706 4244 884 4325 maneria?
897 4247 1067 4328 significat
1082 4250 1173 4330 qaod
1181 4250 1300 4314 Domi·

184 4355 245 4397 nus
262 4344 346 4398 certe
360 4343 517 4396 venturus
535 4334 592 4408 sit,
609 4346 646 4397 et.
663 4336 752 4417 quad
769 4336 850 4417 lpse
870 4337 917 4402 sit
940 4337 1075 4404 Caelum
1092 4350 1124 4404 et
1144 4341 1301 4406 Felicitas

183 4428 272 4503 vitae
292 4437 453 4500 aeternae,
477 4427 590 4508 cuique
615 4429 789 4492 secundum
805 4431 912 4512 fidem
937 4432 972 4496 in
998 4433 1115 4514 Ipsum
1139 4444 1171 4498 et
1195 4434 1301 4501 vitam

126 4523 132 4534 '
183 4521 357 4585 secundum
374 4531 553 4602 praecepta
577 4523 870 4603 Ipsina-“Ecce
895 4527 995 4590 venio
1017 4527 1110 4591 cito”
1132 4529 1299 4610 significat

183 4617 272 4699 quod
296 4625 390 4679 certe
412 4625 573 4679 venturus
596 4618 650 4693 sit,
674 4617 738 4681 hoc
761 4629 827 4696 est,
850 4619 893 4682 ad
919 4619 1108 4685 laciendum
1127 4621 1297 4705 judicium,
