3384 5400
306 683 367 752 524
624 679 872 734 APOCALYPSIS
893 676 1104 733 REVELATA.

304 869 383 913 num
417 858 506 926 sunt,
536 849 580 913 de
608 870 675 932 quo
704 850 873 932 sequitur3
911 869 970 932 per
1000 853 1020 884 ‘⁴
1029 856 1168 913 centum
1196 846 1422 932 quadraginta

303 953 446 1026 quatuor
468 943 595 1008 millia''
617 943 849 1026 significantur
870 963 989 1007 omnes
1011 943 1067 1026 qui
1093 941 1210 1006 Solum
1238 942 1420 1006 Dominum

304 1059 365 1121 pro
388 1037 463 1102 Deo
486 1037 580 1104 Caeli
602 1047 637 1103 et
658 1037 783 1102 Terrae
806 1047 1008 1119 agnoscunt,
1027 1046 1063 1102 et
1085 1038 1119 1100 in
1137 1038 1225 1100 veris
1246 1034 1421 1100 doctrinae

303 1153 348 1196 ex
372 1133 462 1196 bono
484 1133 607 1197 amoris
630 1131 673 1195 ab
696 1131 775 1213 Ipso
798 1151 857 1214 per
879 1129 1031 1194 Verbum
1053 1139 1133 1195 sunt
1157 1128 1204 1212 (n.
1228 1131 1299 1211 348,
1322 1129 1420 1214 seq.).

304 1225 357 1290 De
383 1223 573 1290 hisacium
600 1235 651 1289 est
678 1225 711 1288 in
739 1227 850 1308 capite
876 1226 949 1302 vii.;
983 1226 1043 1288 sed
1070 1225 1125 1301 ibi,
1150 1225 1240 1308 quod
1267 1224 1421 1306 “signati

303 1320 424 1384 luerint
442 1339 541 1402 super
558 1319 752 1393 frontibu3,’'
770 1320 817 1383 ita
836 1315 985 1382 distincti
1006 1329 1041 1384 et
1060 1318 1205 1401 separati
1227 1337 1249 1382 a
1264 1319 1420 1401 reliquis;

302 1414 355 1478 hic
380 1414 576 1496 nunc,quod
599 1411 733 1478 colleb‘ti
755 1414 789 1476 in
812 1433 925 1488 unum,
944 1423 980 1476 et
1002 1413 1092 1496 quod
1115 1434 1160 1476 ex
1182 1412 1249 1476 illis
1271 1411 1420 1477 Caelum.

303 1507 443 1572 Caelum
461 1508 505 1570 de
522 1527 589 1590 quo
607 1507 660 1571 hic
676 1508 797 1589 agitur,
814 1517 868 1570 est
887 1506 1026 1571 Caelum
1045 1504 1226 1571 collectum
1244 1527 1289 1570 ex
1305 1505 1420 1570 Chris·

303 1601 403 1664 tianis
428 1620 450 1665 a
474 1611 628 1683 tempore
655 1601 790 1664 Domini
816 1602 850 1664 in
877 1601 1014 1676 mundo,
1039 1611 1074 1664 et
1101 1601 1144 1664 ab
1169 1600 1235 1664 illis
1260 1601 1339 1664 inde
1365 1601 1421 1684 qui

303 1692 420 1759 Solum
448 1694 629 1758 Dominum
656 1694 843 1770 adiverunt,
867 1705 902 1758 et
929 1695 1087 1759 vixerunt
1112 1694 1297 1759 secundum
1323 1714 1420 1776 prae·

303 1800 403 1871 cepta
430 1789 538 1872 Ipsius
563 1790 597 1852 in
620 1788 746 1864 Verbo,
770 1789 929 1870 fugiendo
955 1788 1045 1852 mala
1070 1797 1108 1853 ut
1134 1799 1277 1872 peccata
1301 1800 1421 1854 contra

303 1881 433 1946 Deum:
471 1882 536 1946 hoc
559 1880 699 1946 Caelum
721 1892 774 1945 est
797 1881 937 1946 Caelum
965 1881 1110 1958 Novum,
1133 1903 1179 1946 ex
1201 1902 1270 1965 quo
1295 1879 1420 1948 Sancta

303 1975 553 2058 Hierosolyma,
576 1975 641 2040 hoc
664 1985 727 2052 est,
752 1975 851 2040 Nova
877 1975 1034 2040 Ecclesia
1058 1976 1091 2039 in
1115 1976 1211 2041 terris
1234 1977 1419 2041 descendet

305 2069 422 2151 (Apoc.
445 2071 518 2134 xxi.
545 2087 571 2145 1,
596 2069 641 2154 2).
700 2069 793 2134 Caeli
815 2081 931 2135 autem
953 2081 1034 2135 ante
1057 2069 1256 2135 Adventum
1283 2071 1419 2134 Domini

303 2175 381 2228 sunt
397 2185 497 2247 supra
514 2163 606 2240 illud,
623 2174 658 2228 et
674 2175 838 2229 vocantur
853 2164 946 2229 Caeli
961 2166 1090 2247 antiqui
1103 2186 1110 2243 ;
1134 2166 1167 2227 in
1183 2165 1301 2246 quibus
1316 2165 1418 2230 etiam

303 2277 421 2323 omnes
434 2268 623 2340 agnoscunt
636 2257 752 2322 Solum
766 2257 948 2322 Dominum
962 2279 1023 2342 pro
1036 2258 1110 2322 Deo
1122 2256 1216 2322 Caeli
1228 2265 1263 2322 et'
1274 2257 1417 2322 Terrae:

302 2353 336 2416 hi
356 2351 450 2417 Caeli
472 2371 548 2416 cum
568 2351 668 2417 Novo
689 2353 753 2416 hoc
773 2351 878 2416 Caelo
897 2353 1147 2417 communicant
1170 2371 1229 2435 per
1246 2353 1418 2416 influxum.

302 2445 431 2510 Notum
461 2455 524 2521 est,
555 2447 644 2529 quod
675 2466 734 2528 per
765 2447 934 2510 “Terram
964 2444 1184 2510 Canaanem”
1212 2445 1420 2529 significetur

303 2539 469 2615 Ecclesia,
489 2541 565 2622 quia
587 2541 631 2603 ibi
654 2540 713 2603 suit
733 2539 895 2614 Verbum,
915 2549 950 2604 et
973 2559 1032 2623 per
1053 2541 1087 2604 id
1111 2539 1275 2604 Dominus
1297 2551 1418 2618 notus;

303 2645 376 2698 tum
399 2633 489 2717 quod
515 2633 548 2697 in
572 2635 684 2697 medio
706 2633 774 2716 ejus
796 2635 894 2700 suerit
917 2634 994 2697 urbs
1017 2631 1098 2698 Sion
1120 2642 1155 2697 et
1177 2633 1240 2697 sub
1261 2634 1320 2697 illa
1341 2635 1418 2698 urbs

303 2728 553 2809 Hierosolyma,
570 2738 710 2811 utraque
728 2750 827 2812 super
846 2738 983 2806 monte,
1006 2728 1084 2793 inde
1102 2736 1160 2810 p'er
1177 2726 1342 2793 “Sionem
1350 2729 1365 2756 ''
1382 2740 1418 2793 et

304 2829 323 2855 ‘⁶
335 2822 607 2904 Hierosolymam
616 2823 631 2848 ”
647 2823 835 2904 significata
851 2832 929 2887 sunt
945 2824 1062 2886 intima
1078 2823 1272 2902 Ecclesiae3
1295 2834 1330 2887 et
1342 2825 1419 2907 quia

302 2917 457 2981 Ecclesia
471 2919 504 2981 in
517 2916 627 2981 Caelis
639 2916 718 2982 lacit
730 2938 831 2981 unum
845 2938 921 2981 cum
937 2918 1091 2982 Ecclesia
1106 2918 1138 2980 in
1151 2918 1258 2994 terris,
1271 2918 1348 2981 ideo
1360 2938 1418 3000 per

303 3010 491 3075 “Sionem''
513 3020 549 3076 et
573 3011 898 3092 “Hierosolymam’'
922 3011 1121 3094 intelligitur
1147 3011 1302 3075 Ecclesia
1328 3022 1418 3076 utro·

301 3107 395 3181 bivis,
420 3107 479 3169 sed
506 3126 565 3189 per
588 3105 752 3169 “Sionem
762 3106 776 3131 ”
799 3106 955 3169 Ecclesia
976 3106 1087 3189 quoad
1113 3126 1273 3181 amorem,
1296 3116 1332 3170 et
1359 3126 1418 3190 per

302 3199 629 3282 “Hierosolymam”
648 3199 802 3263 Ecclesia
817 3200 928 3282 quoad
948 3198 1136 3263 doctrinam
1154 3201 1242 3264 inde.
1288 3201 1418 3266 Dicitur

302 3294 432 3357 “Mons
461 3293 570 3368 Sion,’'
597 3295 673 3377 quia
702 3314 760 3376 per
788 3293 992 3357 “montem''
1017 3293 1223 3376 significatur
1248 3315 1342 3359 amor
1369 3294 1416 3377 (n.

302 3387 389 3471 336).
434 3387 534 3469 Quod
553 3407 612 3470 per
628 3387 811 3452 “Montem
828 3387 964 3451 Sionem
972 3387 988 3413 ”
1003 3388 1208 3471 significetur
1223 3388 1362 3453 Caelum
1381 3398 1416 3453 et

301 3482 466 3558 Ecclesia,
487 3483 540 3545 ubi
564 3481 662 3545 Solus
685 3480 850 3546 Dominus
869 3482 999 3557 colitur,
1017 3493 1174 3547 constare
1192 3492 1306 3565 potest
1324 3502 1346 3547 a
1362 3504 1416 3547 se·

301 3578 479 3659 quentibus
499 3576 599 3639 locis:

352 3723 435 3787 “Ego
449 3724 513 3773 unxi
532 3724 633 3787 Regem
649 3723 740 3773 Meum
753 3738 833 3787 super
844 3725 968 3780 Sionem:
985 3726 1150 3774 annuntiabo
1162 3726 1195 3774 de
1211 3733 1319 3783 statuto,
1334 3724 1416 3776 Filius

432 3788 510 3839 Meus
522 3790 571 3847 Tu,
588 3790 645 3851 Ego
657 3790 735 3839 hodie
752 3790 832 3852 genui
845 3790 885 3839 Te
896 3806 901 3846 ;
919 3792 988 3839 dabo
1000 3800 1094 3851 gentes
1111 3791 1300 3839 haereditatem
1313 3791 1415 3842 Tuam:

430 3855 587 3905 osculamini
597 3855 700 3915 Filium,
710 3870 743 3903 ne
751 3856 880 3905 irascatur
888 3864 914 3904 et
924 3855 1038 3917 pereatis
1049 3870 1055 3909 :
1072 3856 1141 3904 beati
1149 3870 1243 3906 omnes
1251 3856 1415 3906 confidentes

431 3921 458 3969 in
472 3920 563 3983 Ipsum
572 3920 586 3940 ”
598 3920 707 3981 (Psalm.
720 3920 746 3970 ii.
758 3922 813 3979 6-8,
828 3922 883 3980 12);

351 3985 461 4049 “Super
472 3984 592 4034 Montem
602 3986 684 4034 altum
694 3986 809 4035 ascende
822 3986 1036 4048 Evangelizatrix
1048 3985 1112 4035 Sion
1123 3999 1129 4045 ;
1145 3986 1196 4045 dic,
1207 3986 1276 4037 Ecce
1285 3987 1417 4038 Dominus

429 4050 544 4115 Jehovih
556 4051 583 4099 in
596 4050 658 4099 lorti
670 4052 743 4099 venit
751 4050 764 4069 ''
776 4050 861 4115 (Esaj.
872 4052 908 4100 xl.
920 4066 943 4113 9,
957 4052 1013 4111 10);

351 4118 368 4140 ¹‘
378 4115 473 4165 Exulra
481 4116 567 4174 valde,
581 4115 645 4164 Filia
657 4116 746 4165 Sionis
757 4130 763 4175 ς
781 4131 840 4165 ecce
854 4116 912 4165 Rex
921 4126 981 4165 tuus
992 4116 1038 4164 tibi
1048 4116 1122 4165 venit
1133 4115 1225 4181 Justus
1234 4124 1262 4165 et
1270 4116 1393 4165 Salvator
1399 4114 1415 4135 ”

429 4181 514 4241 (Sach.
526 4181 560 4230 ix.
572 4196 588 4243 9
598 4196 604 4237 ;
622 4181 718 4229 Matri.
730 4182 782 4231 xxi.
796 4193 818 4238 2,
829 4194 854 4241 4,
868 4192 880 4241 5
891 4196 897 4239 ;
918 4181 980 4245 Joh.
991 4180 1036 4231 xii.
1049 4193 1088 4241 14,
1101 4181 1157 4243 15);

350 4248 368 4271 ‘⁴
376 4245 502 4295 Exclame
511 4256 538 4295 et
548 4246 631 4309 jubila
641 4244 794 4295 Habitatrix
805 4246 902 4305 Sionis,
914 4247 976 4311 quia
986 4260 1100 4309 magnus
1112 4246 1139 4295 in
1151 4247 1240 4297 medio
1249 4247 1288 4296 tui
1300 4242 1414 4297 Sanane

430 4311 536 4361 Israelis
544 4310 557 4331 ’¹
569 4312 652 4375 (Esaj.
664 4312 708 4361 xii.
720 4312 761 4371 6);

350 4378 367 4400 “
376 4374 516 4439 Redemptl
528 4376 646 4440 Jehovae
659 4385 824 4425 revertentur
835 4376 944 4425 Sionem
956 4390 1016 4425 cum
1027 4376 1129 4426 cantu”
1137 4375 1221 4441 (Esaj.
1233 4390 1313 4427 xxxv.
1326 4374 1382 4438 10);

350 4440 463 4505 “Jubila
479 4452 505 4491 et
523 4442 621 4491 laetere
635 4440 702 4491 Filia
716 4442 820 4494 Sionis:
838 4456 899 4491 ecce
912 4442 970 4503 Ego
981 4443 1093 4492 veniens
1105 4451 1134 4492 ut
1150 4442 1268 4491 habitem
1285 4442 1313 4491 in
1326 4442 1415 4491 medio

349 4571 356 4595 ι
420 4506 488 4583 Ιωί”
500 4506 585 4585 (Socii.
597 4506 624 4559 ii
638 4519 676 4567 14,
689 4518 718 4566 15
733 4504 778 4571 [B.
790 4510 824 4556 Α.
838 4503 960 4591 ro,·11]);
1076 4574 1081 4585 Ι

361 4568 452 4685 ‘Quis⁴
452 4571 529 4701 (1ζῖΞῖ
537 4586 563 4620 rn
577 4572 657 4621 Srone
670 4572 782 4621 salutem
797 4572 917 4621 lsraelrs‘
937 4572 1045 4633 (Psalm.
1056 4586 1109 4623 xrv.
1122 4582 1152 4632 73
1170 4572 1268 4623 Psalm.
1281 4572 1327 4623 lrn.
1339 4582 1354 4633 7
1365 4569 1410 4636 [B.
