<?xml version="1.0" encoding="UTF-8"?>
<!DOCTYPE html PUBLIC "-//W3C//DTD XHTML 1.0 Transitional//EN"
    "http://www.w3.org/TR/xhtml1/DTD/xhtml1-transitional.dtd">
<html xmlns="http://www.w3.org/1999/xhtml" xml:lang="en" lang="en">
 <head>
  <title>
</title>
<meta http-equiv="Content-Type" content="text/html;charset=utf-8" />
  <meta name='ocr-system' content='tesseract 3.04.00' />
  <meta name='ocr-capabilities' content='ocr_page ocr_carea ocr_par ocr_line ocrx_word'/>
</head>
<body>
  <div class='ocr_page' id='page_1' title='image "./apocalypsisreve00swedgoog_0183.png"; bbox 0 0 3384 5400; ppageno 0'>
   <div class='ocr_carea' id='block_1_1' title="bbox 466 681 1308 763">
    <p class='ocr_par' dir='ltr' id='par_1_1' title="bbox 466 681 1308 763">
     <span class='ocr_line' id='line_1_1' title="bbox 466 681 1308 763; baseline 0 -20"><span class='ocrx_word' id='word_1_1' title='bbox 466 694 545 744; x_wconf 75' lang='lat' dir='ltr'>cur.</span> <span class='ocrx_word' id='word_1_2' title='bbox 562 694 677 756; x_wconf 73' lang='lat' dir='ltr'>xviri,</span> <span class='ocrx_word' id='word_1_3' title='bbox 695 694 796 745; x_wconf 79' lang='lat' dir='ltr'>vans.</span> <span class='ocrx_word' id='word_1_4' title='bbox 814 695 943 744; x_wconf 74' lang='lat' dir='ltr'>21.-—a·.</span> <span class='ocrx_word' id='word_1_5' title='bbox 960 696 1030 762; x_wconf 89' lang='lat'>791.</span> <span class='ocrx_word' id='word_1_6' title='bbox 1246 681 1308 763; x_wconf 89' lang='lat'>693</span> 
     </span>
    </p>
   </div>
   <div class='ocr_carea' id='block_1_2' title="bbox 188 863 1311 2175">
    <p class='ocr_par' dir='ltr' id='par_1_2' title="bbox 188 863 1311 2175">
     <span class='ocr_line' id='line_1_2' title="bbox 192 863 1309 946; baseline 0.001 -20"><span class='ocrx_word' id='word_1_7' title='bbox 192 872 229 927; x_wconf 89' lang='lat' dir='ltr'>ut</span> <span class='ocrx_word' id='word_1_8' title='bbox 248 863 456 945; x_wconf 77' lang='lat' dir='ltr'>gauderent:</span> <span class='ocrx_word' id='word_1_9' title='bbox 484 872 537 927; x_wconf 90' lang='lat' dir='ltr'>ast</span> <span class='ocrx_word' id='word_1_10' title='bbox 555 863 745 945; x_wconf 91' lang='lat' dir='ltr'>angelicum</span> <span class='ocrx_word' id='word_1_11' title='bbox 764 863 923 946; x_wconf 90' lang='lat' dir='ltr'>gaudium</span> <span class='ocrx_word' id='word_1_12' title='bbox 943 884 1009 927; x_wconf 92' lang='lat' dir='ltr'>non</span> <span class='ocrx_word' id='word_1_13' title='bbox 1029 874 1081 928; x_wconf 91' lang='lat' dir='ltr'>est</span> <span class='ocrx_word' id='word_1_14' title='bbox 1104 885 1148 927; x_wconf 86' lang='lat' dir='ltr'>ex</span> <span class='ocrx_word' id='word_1_15' title='bbox 1163 864 1309 927; x_wconf 75' lang='lat' dir='ltr'>‘damna-</span> 
     </span>
     <span class='ocr_line' id='line_1_3' title="bbox 192 957 1309 1034; baseline 0.002 -13"><span class='ocrx_word' id='word_1_16' title='bbox 192 958 288 1021; x_wconf 83' lang='lat' dir='ltr'>tione</span> <span class='ocrx_word' id='word_1_17' title='bbox 312 957 455 1034; x_wconf 90' lang='lat' dir='ltr'>illorum,</span> <span class='ocrx_word' id='word_1_18' title='bbox 482 959 542 1021; x_wconf 91' lang='lat' dir='ltr'>sed</span> <span class='ocrx_word' id='word_1_19' title='bbox 573 980 617 1022; x_wconf 87' lang='lat' dir='ltr'>ex</span> <span class='ocrx_word' id='word_1_20' title='bbox 648 978 738 1023; x_wconf 89' lang='lat' dir='ltr'>novo</span> <span class='ocrx_word' id='word_1_21' title='bbox 764 958 868 1023; x_wconf 89' lang='lat' dir='ltr'>Caelo</span> <span class='ocrx_word' id='word_1_22' title='bbox 898 970 932 1022; x_wconf 90' lang='lat' dir='ltr'>et</span> <span class='ocrx_word' id='word_1_23' title='bbox 964 978 1051 1022; x_wconf 89' lang='lat' dir='ltr'>nova</span> <span class='ocrx_word' id='word_1_24' title='bbox 1078 958 1242 1033; x_wconf 87' lang='lat' dir='ltr'>Ecclesia,</span> <span class='ocrx_word' id='word_1_25' title='bbox 1270 980 1309 1023; x_wconf 90' lang='lat' dir='ltr'>ac</span> 
     </span>
     <span class='ocr_line' id='line_1_4' title="bbox 190 1051 1310 1136; baseline 0.003 -22"><span class='ocrx_word' id='word_1_26' title='bbox 190 1051 380 1115; x_wconf 90' lang='lat' dir='ltr'>salvatione</span> <span class='ocrx_word' id='word_1_27' title='bbox 402 1051 561 1127; x_wconf 87' lang='lat' dir='ltr'>fidelium,</span> <span class='ocrx_word' id='word_1_28' title='bbox 585 1074 670 1136; x_wconf 90' lang='lat' dir='ltr'>quae</span> <span class='ocrx_word' id='word_1_29' title='bbox 693 1073 760 1117; x_wconf 91' lang='lat' dir='ltr'>non</span> <span class='ocrx_word' id='word_1_30' title='bbox 784 1055 854 1116; x_wconf 93' lang='lat' dir='ltr'>dari</span> <span class='ocrx_word' id='word_1_31' title='bbox 884 1064 1025 1136; x_wconf 88' lang='lat' dir='ltr'><strong>possunt</strong></span> <span class='ocrx_word' id='word_1_32' title='bbox 1049 1056 1240 1136; x_wconf 83' lang='lat' dir='ltr'>priusquam</span> <span class='ocrx_word' id='word_1_33' title='bbox 1264 1052 1310 1117; x_wconf 94' lang='lat' dir='ltr'>illi</span> 
     </span>
     <span class='ocr_line' id='line_1_5' title="bbox 191 1146 1309 1231; baseline 0.002 -22"><span class='ocrx_word' id='word_1_34' title='bbox 191 1146 315 1210; x_wconf 91' lang='lat' dir='ltr'>remoti</span> <span class='ocrx_word' id='word_1_35' title='bbox 332 1157 421 1220; x_wconf 90' lang='lat' dir='ltr'>sunt,</span> <span class='ocrx_word' id='word_1_36' title='bbox 438 1148 528 1231; x_wconf 90' lang='lat' dir='ltr'>quod</span> <span class='ocrx_word' id='word_1_37' title='bbox 547 1148 583 1211; x_wconf 84' lang='lat' dir='ltr'>fit</span> <span class='ocrx_word' id='word_1_38' title='bbox 602 1158 638 1211; x_wconf 89' lang='lat' dir='ltr'>et</span> <span class='ocrx_word' id='word_1_39' title='bbox 656 1146 780 1212; x_wconf 72' lang='lat' dir='ltr'>{adium</span> <span class='ocrx_word' id='word_1_40' title='bbox 799 1158 852 1212; x_wconf 86' lang='lat' dir='ltr'>est</span> <span class='ocrx_word' id='word_1_41' title='bbox 872 1167 930 1230; x_wconf 88' lang='lat' dir='ltr'>per</span> <span class='ocrx_word' id='word_1_42' title='bbox 946 1147 1114 1211; x_wconf 83' lang='lat' dir='ltr'>Ultimum</span> <span class='ocrx_word' id='word_1_43' title='bbox 1132 1148 1309 1229; x_wconf 87' lang='lat' dir='ltr'>Judicium,</span> 
     </span>
     <span class='ocr_line' id='line_1_6' title="bbox 190 1241 1310 1325; baseline 0.003 -22"><span class='ocrx_word' id='word_1_44' title='bbox 190 1241 235 1305; x_wconf 89' lang='lat' dir='ltr'>de</span> <span class='ocrx_word' id='word_1_45' title='bbox 257 1260 382 1322; x_wconf 86' lang='lat' dir='ltr'>quare</span> <span class='ocrx_word' id='word_1_46' title='bbox 402 1242 570 1306; x_wconf 85' lang='lat' dir='ltr'>videbitur</span> <span class='ocrx_word' id='word_1_47' title='bbox 592 1243 625 1305; x_wconf 89' lang='lat' dir='ltr'>in</span> <span class='ocrx_word' id='word_1_48' title='bbox 652 1242 893 1325; x_wconf 85' lang='lat' dir='ltr'>Explicatione</span> <span class='ocrx_word' id='word_1_49' title='bbox 915 1262 1070 1305; x_wconf 86' lang='lat' dir='ltr'>versuum</span> <span class='ocrx_word' id='word_1_50' title='bbox 1094 1258 1165 1323; x_wconf 89' lang='lat'>7-9,</span> <span class='ocrx_word' id='word_1_51' title='bbox 1190 1245 1310 1325; x_wconf 84' lang='lat' dir='ltr'>capitis</span> 
     </span>
     <span class='ocr_line' id='line_1_7' title="bbox 190 1334 1311 1421; baseline 0.004 -24"><span class='ocrx_word' id='word_1_52' title='bbox 190 1336 374 1417; x_wconf 82' lang='lat' dir='ltr'>sequentis.</span> <span class='ocrx_word' id='word_1_53' title='bbox 418 1336 475 1399; x_wconf 86' lang='lat' dir='ltr'>Ex</span> <span class='ocrx_word' id='word_1_54' title='bbox 490 1338 542 1400; x_wconf 85' lang='lat' dir='ltr'>his</span> <span class='ocrx_word' id='word_1_55' title='bbox 553 1348 710 1401; x_wconf 83' lang='lat' dir='ltr'>constare</span> <span class='ocrx_word' id='word_1_56' title='bbox 722 1345 848 1419; x_wconf 88' lang='lat' dir='ltr'>potest,</span> <span class='ocrx_word' id='word_1_57' title='bbox 862 1336 952 1419; x_wconf 90' lang='lat' dir='ltr'>quod</span> <span class='ocrx_word' id='word_1_58' title='bbox 968 1356 1027 1419; x_wconf 89' lang='lat' dir='ltr'>per</span> <span class='ocrx_word' id='word_1_59' title='bbox 1040 1343 1059 1369; x_wconf 95' lang='lat'>“</span> <span class='ocrx_word' id='word_1_60' title='bbox 1070 1334 1199 1400; x_wconf 90' lang='lat' dir='ltr'>Exulta</span> <span class='ocrx_word' id='word_1_61' title='bbox 1212 1358 1311 1421; x_wconf 88' lang='lat' dir='ltr'>super</span> 
     </span>
     <span class='ocr_line' id='line_1_8' title="bbox 190 1429 1310 1515; baseline 0.004 -22"><span class='ocrx_word' id='word_1_62' title='bbox 190 1451 242 1505; x_wconf 90' lang='lat' dir='ltr'>ea,</span> <span class='ocrx_word' id='word_1_63' title='bbox 262 1429 402 1495; x_wconf 86' lang='lat' dir='ltr'>Caelum</span> <span class='ocrx_word' id='word_1_64' title='bbox 420 1441 456 1496; x_wconf 89' lang='lat' dir='ltr'>et</span> <span class='ocrx_word' id='word_1_65' title='bbox 475 1430 583 1496; x_wconf 62' lang='lat' dir='ltr'>saneti</span> <span class='ocrx_word' id='word_1_66' title='bbox 601 1432 763 1515; x_wconf 86' lang='lat' dir='ltr'><strong>Apostoli</strong></span> <span class='ocrx_word' id='word_1_67' title='bbox 782 1442 817 1496; x_wconf 90' lang='lat' dir='ltr'>et</span> <span class='ocrx_word' id='word_1_68' title='bbox 838 1432 1037 1514; x_wconf 88' lang='lat' dir='ltr'>Prophetae,</span> <span class='ocrx_word' id='word_1_69' title='bbox 1058 1434 1135 1514; x_wconf 90' lang='lat' dir='ltr'>quia</span> <span class='ocrx_word' id='word_1_70' title='bbox 1148 1431 1310 1513; x_wconf 90' lang='lat' dir='ltr'>judicavit</span> 
     </span>
     <span class='ocr_line' id='line_1_9' title="bbox 191 1524 1310 1609; baseline 0.004 -22"><span class='ocrx_word' id='word_1_71' title='bbox 191 1524 287 1588; x_wconf 90' lang='lat' dir='ltr'>Deus</span> <span class='ocrx_word' id='word_1_72' title='bbox 311 1524 470 1607; x_wconf 85' lang='lat' dir='ltr'>judicium</span> <span class='ocrx_word' id='word_1_73' title='bbox 492 1537 642 1591; x_wconf 89' lang='lat' dir='ltr'>vestrum</span> <span class='ocrx_word' id='word_1_74' title='bbox 664 1528 708 1590; x_wconf 89' lang='lat' dir='ltr'>de</span> <span class='ocrx_word' id='word_1_75' title='bbox 733 1526 819 1602; x_wconf 89' lang='lat' dir='ltr'>illa,”</span> <span class='ocrx_word' id='word_1_76' title='bbox 842 1525 1048 1609; x_wconf 81' lang='lat' dir='ltr'>significetur</span> <span class='ocrx_word' id='word_1_77' title='bbox 1070 1537 1107 1590; x_wconf 91' lang='lat' dir='ltr'>ut</span> <span class='ocrx_word' id='word_1_78' title='bbox 1137 1528 1310 1609; x_wconf 85' lang='lat' dir='ltr'><strong>gaudeant</strong></span> 
     </span>
     <span class='ocr_line' id='line_1_10' title="bbox 189 1618 1310 1703; baseline 0.003 -20"><span class='ocrx_word' id='word_1_79' title='bbox 189 1619 295 1683; x_wconf 88' lang='lat' dir='ltr'>corde</span> <span class='ocrx_word' id='word_1_80' title='bbox 316 1619 429 1701; x_wconf 78' lang='lat' dir='ltr'>angeli</span> <span class='ocrx_word' id='word_1_81' title='bbox 452 1618 607 1685; x_wconf 87' lang='lat' dir='ltr'>Caeliae</span> <span class='ocrx_word' id='word_1_82' title='bbox 637 1622 791 1685; x_wconf 88' lang='lat' dir='ltr'>homines</span> <span class='ocrx_word' id='word_1_83' title='bbox 814 1620 989 1684; x_wconf 85' lang='lat' dir='ltr'>Ecclesiae</span> <span class='ocrx_word' id='word_1_84' title='bbox 1011 1622 1066 1703; x_wconf 92' lang='lat' dir='ltr'>qui</span> <span class='ocrx_word' id='word_1_85' title='bbox 1097 1623 1129 1684; x_wconf 90' lang='lat' dir='ltr'>in</span> <span class='ocrx_word' id='word_1_86' title='bbox 1155 1623 1251 1685; x_wconf 91' lang='lat' dir='ltr'>bonis</span> <span class='ocrx_word' id='word_1_87' title='bbox 1275 1634 1310 1687; x_wconf 90' lang='lat' dir='ltr'>et</span> 
     </span>
     <span class='ocr_line' id='line_1_11' title="bbox 188 1712 1310 1799; baseline 0.004 -23"><span class='ocrx_word' id='word_1_88' title='bbox 188 1714 280 1776; x_wconf 75' lang='lat' dir='ltr'>veris</span> <span class='ocrx_word' id='word_1_89' title='bbox 304 1732 351 1777; x_wconf 83' lang='lat' dir='ltr'>ex</span> <span class='ocrx_word' id='word_1_90' title='bbox 377 1713 493 1777; x_wconf 87' lang='lat' dir='ltr'>Verbo</span> <span class='ocrx_word' id='word_1_91' title='bbox 519 1725 609 1790; x_wconf 91' lang='lat' dir='ltr'>sunt,</span> <span class='ocrx_word' id='word_1_92' title='bbox 636 1717 726 1798; x_wconf 91' lang='lat' dir='ltr'>quod</span> <span class='ocrx_word' id='word_1_93' title='bbox 752 1716 873 1779; x_wconf 92' lang='lat' dir='ltr'>remoti</span> <span class='ocrx_word' id='word_1_94' title='bbox 899 1726 934 1779; x_wconf 91' lang='lat' dir='ltr'>et</span> <span class='ocrx_word' id='word_1_95' title='bbox 962 1712 1074 1796; x_wconf 62' lang='lat' dir='ltr'>rejecti</span> <span class='ocrx_word' id='word_1_96' title='bbox 1102 1718 1168 1779; x_wconf 90' lang='lat' dir='ltr'>sint</span> <span class='ocrx_word' id='word_1_97' title='bbox 1195 1718 1250 1799; x_wconf 94' lang='lat' dir='ltr'>qui</span> <span class='ocrx_word' id='word_1_98' title='bbox 1276 1718 1310 1781; x_wconf 89' lang='lat' dir='ltr'>in</span> 
     </span>
     <span class='ocr_line' id='line_1_12' title="bbox 190 1806 1309 1893; baseline 0.004 -23"><span class='ocrx_word' id='word_1_99' title='bbox 190 1806 356 1889; x_wconf 87' lang='lat' dir='ltr'>Religiosi</span> <span class='ocrx_word' id='word_1_100' title='bbox 371 1809 467 1871; x_wconf 91' lang='lat' dir='ltr'>istius</span> <span class='ocrx_word' id='word_1_101' title='bbox 482 1809 579 1873; x_wconf 88' lang='lat' dir='ltr'>malis</span> <span class='ocrx_word' id='word_1_102' title='bbox 594 1820 630 1874; x_wconf 89' lang='lat' dir='ltr'>et</span> <span class='ocrx_word' id='word_1_103' title='bbox 645 1810 737 1874; x_wconf 87' lang='lat' dir='ltr'>falsis</span> <span class='ocrx_word' id='word_1_104' title='bbox 749 1820 836 1873; x_wconf 89' lang='lat' dir='ltr'>sunt.</span> <span class='ocrx_word' id='word_1_105' title='bbox 874 1808 958 1891; x_wconf 87' lang='lat' dir='ltr'>Quis</span> <span class='ocrx_word' id='word_1_106' title='bbox 974 1829 1040 1872; x_wconf 94' lang='lat' dir='ltr'>non</span> <span class='ocrx_word' id='word_1_107' title='bbox 1055 1811 1167 1874; x_wconf 89' lang='lat' dir='ltr'>videre</span> <span class='ocrx_word' id='word_1_108' title='bbox 1183 1821 1309 1893; x_wconf 90' lang='lat' dir='ltr'>potest,</span> 
     </span>
     <span class='ocr_line' id='line_1_13' title="bbox 189 1902 1309 1987; baseline 0.006 -23"><span class='ocrx_word' id='word_1_109' title='bbox 189 1902 283 1985; x_wconf 91' lang='lat' dir='ltr'>quod</span> <span class='ocrx_word' id='word_1_110' title='bbox 306 1922 374 1966; x_wconf 91' lang='lat' dir='ltr'>non</span> <span class='ocrx_word' id='word_1_111' title='bbox 396 1902 542 1985; x_wconf 87' lang='lat' dir='ltr'>apostoli</span> <span class='ocrx_word' id='word_1_112' title='bbox 565 1915 600 1968; x_wconf 90' lang='lat' dir='ltr'>et</span> <span class='ocrx_word' id='word_1_113' title='bbox 623 1904 819 1987; x_wconf 89' lang='lat' dir='ltr'>prophetae,</span> <span class='ocrx_word' id='word_1_114' title='bbox 841 1904 883 1967; x_wconf 92' lang='lat' dir='ltr'>de</span> <span class='ocrx_word' id='word_1_115' title='bbox 906 1905 1025 1986; x_wconf 90' lang='lat' dir='ltr'>quibus</span> <span class='ocrx_word' id='word_1_116' title='bbox 1047 1906 1081 1967; x_wconf 91' lang='lat' dir='ltr'>in</span> <span class='ocrx_word' id='word_1_117' title='bbox 1106 1904 1232 1980; x_wconf 91' lang='lat' dir='ltr'>Verbo,</span> <span class='ocrx_word' id='word_1_118' title='bbox 1256 1905 1309 1971; x_wconf 93' lang='lat' dir='ltr'>hic</span> 
     </span>
     <span class='ocr_line' id='line_1_14' title="bbox 189 1994 1309 2081; baseline 0.004 -23"><span class='ocrx_word' id='word_1_119' title='bbox 189 1994 445 2078; x_wconf 87' lang='lat' dir='ltr'>intelligantur:</span> <span class='ocrx_word' id='word_1_120' title='bbox 469 1998 503 2061; x_wconf 89' lang='lat' dir='ltr'>hi</span> <span class='ocrx_word' id='word_1_121' title='bbox 521 2000 618 2080; x_wconf 90' lang='lat' dir='ltr'>pauci</span> <span class='ocrx_word' id='word_1_122' title='bbox 635 1998 768 2062; x_wconf 87' lang='lat' dir='ltr'>fuerunt</span> <span class='ocrx_word' id='word_1_123' title='bbox 786 2008 822 2062; x_wconf 87' lang='lat' dir='ltr'>ct</span> <span class='ocrx_word' id='word_1_124' title='bbox 846 2018 914 2061; x_wconf 92' lang='lat' dir='ltr'>non</span> <span class='ocrx_word' id='word_1_125' title='bbox 933 1999 1198 2081; x_wconf 83' lang='lat' dir='ltr'>praestantiores</span> <span class='ocrx_word' id='word_1_126' title='bbox 1216 1999 1309 2077; x_wconf 90' lang='lat' dir='ltr'>aliis;</span> 
     </span>
     <span class='ocr_line' id='line_1_15' title="bbox 189 2084 1309 2175; baseline 0.002 -20"><span class='ocrx_word' id='word_1_127' title='bbox 189 2091 252 2155; x_wconf 86' lang='lat' dir='ltr'>sed</span> <span class='ocrx_word' id='word_1_128' title='bbox 271 2110 332 2173; x_wconf 88' lang='lat' dir='ltr'>per</span> <span class='ocrx_word' id='word_1_129' title='bbox 346 2090 422 2155; x_wconf 92' lang='lat' dir='ltr'>illos</span> <span class='ocrx_word' id='word_1_130' title='bbox 439 2091 674 2174; x_wconf 90' lang='lat' dir='ltr'>intelliguntur</span> <span class='ocrx_word' id='word_1_131' title='bbox 689 2113 808 2156; x_wconf 91' lang='lat' dir='ltr'>omnes</span> <span class='ocrx_word' id='word_1_132' title='bbox 824 2084 890 2175; x_wconf 79' lang='lat' dir='ltr'>qui‘</span> <span class='ocrx_word' id='word_1_133' title='bbox 899 2094 930 2155; x_wconf 93' lang='lat' dir='ltr'>in</span> <span class='ocrx_word' id='word_1_134' title='bbox 949 2092 1104 2156; x_wconf 88' lang='lat' dir='ltr'>Ecclesia</span> <span class='ocrx_word' id='word_1_135' title='bbox 1121 2092 1257 2155; x_wconf 90' lang='lat' dir='ltr'>Domini</span> <span class='ocrx_word' id='word_1_136' title='bbox 1276 2096 1309 2157; x_wconf 94' lang='lat' dir='ltr'>in</span> 
     </span>
    </p>
   </div>
   <div class='ocr_carea' id='block_1_3' title="bbox 189 2185 1424 2270">
    <p class='ocr_par' dir='ltr' id='par_1_3' title="bbox 189 2185 1424 2270">
     <span class='ocr_line' id='line_1_16' title="bbox 189 2185 1424 2270; baseline 0.002 -21"><span class='ocrx_word' id='word_1_137' title='bbox 189 2188 290 2249; x_wconf 86' lang='lat' dir='ltr'>bonis</span> <span class='ocrx_word' id='word_1_138' title='bbox 315 2196 357 2250; x_wconf 84' lang='lat' dir='ltr'>et·</span> <span class='ocrx_word' id='word_1_139' title='bbox 381 2188 468 2249; x_wconf 85' lang='lat' dir='ltr'>veris</span> <span class='ocrx_word' id='word_1_140' title='bbox 489 2206 535 2249; x_wconf 88' lang='lat' dir='ltr'>ex</span> <span class='ocrx_word' id='word_1_141' title='bbox 558 2185 675 2250; x_wconf 89' lang='lat' dir='ltr'>Verbo</span> <span class='ocrx_word' id='word_1_142' title='bbox 698 2196 787 2263; x_wconf 89' lang='lat' dir='ltr'>sunt,</span> <span class='ocrx_word' id='word_1_143' title='bbox 811 2189 898 2250; x_wconf 91' lang='lat' dir='ltr'>sicut</span> <span class='ocrx_word' id='word_1_144' title='bbox 922 2188 1025 2251; x_wconf 87' lang='lat' dir='ltr'>etiam</span> <span class='ocrx_word' id='word_1_145' title='bbox 1049 2206 1109 2270; x_wconf 89' lang='lat' dir='ltr'>per</span> <span class='ocrx_word' id='word_1_146' title='bbox 1131 2188 1310 2252; x_wconf 85' lang='lat' dir='ltr'>duodecim</span> <span class='ocrx_word' id='word_1_147' title='bbox 1421 2258 1424 2263; x_wconf 63' lang='grc'><strong>,</strong></span> 
     </span>
    </p>
   </div>
   <div class='ocr_carea' id='block_1_4' title="bbox 188 2279 1356 4717">
    <p class='ocr_par' dir='ltr' id='par_1_4' title="bbox 188 2279 1356 4717">
     <span class='ocr_line' id='line_1_17' title="bbox 189 2279 1309 2365; baseline 0 -20"><span class='ocrx_word' id='word_1_148' title='bbox 189 2282 316 2345; x_wconf 83' lang='lat' dir='ltr'>Tribus</span> <span class='ocrx_word' id='word_1_149' title='bbox 334 2279 476 2352; x_wconf 87' lang='lat' dir='ltr'>Israelis,</span> <span class='ocrx_word' id='word_1_150' title='bbox 494 2281 537 2345; x_wconf 88' lang='lat' dir='ltr'>de</span> <span class='ocrx_word' id='word_1_151' title='bbox 555 2282 674 2364; x_wconf 91' lang='lat' dir='ltr'>quibus</span> <span class='ocrx_word' id='word_1_152' title='bbox 692 2300 791 2365; x_wconf 90' lang='lat' dir='ltr'>supra</span> <span class='ocrx_word' id='word_1_153' title='bbox 811 2279 858 2363; x_wconf 91' lang='lat' dir='ltr'>(n.</span> <span class='ocrx_word' id='word_1_154' title='bbox 876 2280 951 2365; x_wconf 86' lang='lat'>349)</span> <span class='ocrx_word' id='word_1_155' title='bbox 966 2302 974 2359; x_wconf 91' lang='grc'><strong>;</strong></span> <span class='ocrx_word' id='word_1_156' title='bbox 997 2302 1056 2364; x_wconf 89' lang='lat' dir='ltr'>per</span> <span class='ocrx_word' id='word_1_157' title='bbox 1073 2279 1309 2363; x_wconf 87' lang='lat' dir='ltr'>“Apostolum</span> 
     </span>
     <span class='ocr_line' id='line_1_18' title="bbox 190 2374 1310 2459; baseline -0.001 -18"><span class='ocrx_word' id='word_1_158' title='bbox 190 2375 352 2441; x_wconf 86' lang='lat' dir='ltr'>Petrum”</span> <span class='ocrx_word' id='word_1_159' title='bbox 389 2374 588 2457; x_wconf 87' lang='lat' dir='ltr'>intelligitur</span> <span class='ocrx_word' id='word_1_160' title='bbox 625 2376 800 2439; x_wconf 89' lang='lat' dir='ltr'>Ecclesiae</span> <span class='ocrx_word' id='word_1_161' title='bbox 829 2375 968 2439; x_wconf 91' lang='lat' dir='ltr'>Veritas</span> <span class='ocrx_word' id='word_1_162' title='bbox 1005 2386 1081 2440; x_wconf 72' lang='lat' dir='ltr'>seu‘</span> <span class='ocrx_word' id='word_1_163' title='bbox 1102 2375 1213 2450; x_wconf 86' lang='lat' dir='ltr'>Fides,</span> <span class='ocrx_word' id='word_1_164' title='bbox 1251 2395 1310 2459; x_wconf 91' lang='lat' dir='ltr'>per</span> 
     </span>
     <span class='ocr_line' id='line_1_19' title="bbox 191 2468 1310 2553; baseline 0.002 -20"><span class='ocrx_word' id='word_1_165' title='bbox 191 2468 430 2552; x_wconf 87' lang='lat' dir='ltr'>“Apostolum</span> <span class='ocrx_word' id='word_1_166' title='bbox 448 2469 635 2550; x_wconf 89' lang='lat' dir='ltr'>Jacobum”</span> <span class='ocrx_word' id='word_1_167' title='bbox 653 2469 828 2533; x_wconf 86' lang='lat' dir='ltr'>Ecclesiae</span> <span class='ocrx_word' id='word_1_168' title='bbox 848 2468 1013 2545; x_wconf 86' lang='lat' dir='ltr'>Charitas,</span> <span class='ocrx_word' id='word_1_169' title='bbox 1032 2480 1067 2535; x_wconf 93' lang='lat' dir='ltr'>et</span> <span class='ocrx_word' id='word_1_170' title='bbox 1087 2490 1145 2553; x_wconf 88' lang='lat' dir='ltr'>per</span> <span class='ocrx_word' id='word_1_171' title='bbox 1165 2470 1310 2552; x_wconf 91' lang='lat' dir='ltr'>“Apos-</span> 
     </span>
     <span class='ocr_line' id='line_1_20' title="bbox 190 2562 1252 2646; baseline -0.003 -16"><span class='ocrx_word' id='word_1_172' title='bbox 190 2563 301 2630; x_wconf 89' lang='lat' dir='ltr'>tolum</span> <span class='ocrx_word' id='word_1_173' title='bbox 317 2563 524 2645; x_wconf 89' lang='lat' dir='ltr'>Johannem’&#39;</span> <span class='ocrx_word' id='word_1_174' title='bbox 542 2563 714 2628; x_wconf 90' lang='lat' dir='ltr'>hominum</span> <span class='ocrx_word' id='word_1_175' title='bbox 734 2563 909 2628; x_wconf 89' lang='lat' dir='ltr'>Ecclesiae</span> <span class='ocrx_word' id='word_1_176' title='bbox 928 2562 1041 2646; x_wconf 89' lang='lat' dir='ltr'>Opera</span> <span class='ocrx_word' id='word_1_177' title='bbox 1059 2563 1252 2629; x_wconf 88' lang='lat' dir='ltr'>Charitatis.</span> 
     </span>
     <span class='ocr_line' id='line_1_21' title="bbox 251 2660 1312 2746; baseline -0.001 -21"><span class='ocrx_word' id='word_1_178' title='bbox 251 2674 347 2746; x_wconf 76' lang='lat'>791.</span> <span class='ocrx_word' id='word_1_179' title='bbox 383 2668 539 2738; x_wconf 56' lang='lat' dir='ltr'>[Vmor]</span> <span class='ocrx_word' id='word_1_180' title='bbox 564 2660 630 2724; x_wconf 65' lang='lat' dir='ltr'>*fr</span> <span class='ocrx_word' id='word_1_181' title='bbox 646 2660 773 2726; x_wconf 79' lang='lat' dir='ltr'>rortolit</span> <span class='ocrx_word' id='word_1_182' title='bbox 784 2680 864 2724; x_wconf 77' lang='lat' dir='ltr'>onor</span> <span class='ocrx_word' id='word_1_183' title='bbox 876 2660 1010 2744; x_wconf 70' lang='lat' dir='ltr'>Angelos</span> <span class='ocrx_word' id='word_1_184' title='bbox 1023 2660 1168 2726; x_wconf 74' lang='lat' dir='ltr'>minator</span> <span class='ocrx_word' id='word_1_185' title='bbox 1183 2660 1312 2744; x_wconf 71' lang='lat' dir='ltr'>lapidem</span> 
     </span>
     <span class='ocr_line' id='line_1_22' title="bbox 190 2753 1312 2838; baseline 0 -19"><span class='ocrx_word' id='word_1_186' title='bbox 190 2755 287 2838; x_wconf 78' lang='lat' dir='ltr'>queri</span> <span class='ocrx_word' id='word_1_187' title='bbox 303 2755 450 2819; x_wconf 75' lang='lat' dir='ltr'>molerem</span> <span class='ocrx_word' id='word_1_188' title='bbox 467 2774 620 2837; x_wconf 74' lang='lat' dir='ltr'>mepnom,</span> <span class='ocrx_word' id='word_1_189' title='bbox 635 2760 670 2818; x_wconf 79' lang='lat' dir='ltr'>et</span> <span class='ocrx_word' id='word_1_190' title='bbox 684 2753 815 2837; x_wconf 71' lang='lat' dir='ltr'>projecit</span> <span class='ocrx_word' id='word_1_191' title='bbox 833 2755 865 2817; x_wconf 88' lang='lat' dir='ltr'>in</span> <span class='ocrx_word' id='word_1_192' title='bbox 884 2775 983 2828; x_wconf 77' lang='lat' dir='ltr'>mere,</span> <span class='ocrx_word' id='word_1_193' title='bbox 997 2756 1114 2828; x_wconf 77' lang='lat' dir='ltr'>diosna,</span> <span class='ocrx_word' id='word_1_194' title='bbox 1129 2755 1181 2818; x_wconf 73' lang='grc' dir='ltr'>δίο</span> <span class='ocrx_word' id='word_1_195' title='bbox 1200 2755 1312 2837; x_wconf 80' lang='lat' dir='ltr'>impeto</span> 
     </span>
     <span class='ocr_line' id='line_1_23' title="bbox 189 2843 1312 2929; baseline 0.001 -21"><span class='ocrx_word' id='word_1_196' title='bbox 189 2845 354 2928; x_wconf 73' lang='lat' dir='ltr'>dejicietur</span> <span class='ocrx_word' id='word_1_197' title='bbox 370 2845 515 2929; x_wconf 71' lang='lat' dir='ltr'>Babylon,</span> <span class='ocrx_word' id='word_1_198' title='bbox 529 2845 583 2907; x_wconf 82' lang='lat' dir='ltr'>illu</span> <span class='ocrx_word' id='word_1_199' title='bbox 603 2864 716 2927; x_wconf 72' lang='lat' dir='ltr'>magno</span> <span class='ocrx_word' id='word_1_200' title='bbox 737 2845 820 2917; x_wconf 73' lang='lat' dir='ltr'>orde,</span> <span class='ocrx_word' id='word_1_201' title='bbox 835 2849 870 2907; x_wconf 78' lang='lat' dir='ltr'>ot</span> <span class='ocrx_word' id='word_1_202' title='bbox 887 2862 946 2907; x_wconf 87' lang='lat' dir='ltr'>non</span> <span class='ocrx_word' id='word_1_203' title='bbox 965 2843 1135 2907; x_wconf 75' lang='lat' dir='ltr'>invenietur</span> <span class='ocrx_word' id='word_1_204' title='bbox 1147 2845 1312 2927; x_wconf 79' lang='lat' dir='ltr'>amplios,&#39;&#39;</span> 
     </span>
     <span class='ocr_line' id='line_1_24' title="bbox 189 2936 1310 3021; baseline -0.001 -20"><span class='ocrx_word' id='word_1_205' title='bbox 189 2937 359 3020; x_wconf 87' lang='lat' dir='ltr'>significat</span> <span class='ocrx_word' id='word_1_206' title='bbox 375 2939 464 3020; x_wconf 85' lang='lat' dir='ltr'>quod</span> <span class='ocrx_word' id='word_1_207' title='bbox 470 2948 535 3020; x_wconf 83' lang='lat' dir='ltr'>per</span> <span class='ocrx_word' id='word_1_208' title='bbox 542 2939 670 3018; x_wconf 83' lang='lat' dir='ltr'>fortem</span> <span class='ocrx_word' id='word_1_209' title='bbox 687 2936 849 3021; x_wconf 80' lang='lat' dir='ltr'>instuxum</span> <span class='ocrx_word' id='word_1_210' title='bbox 867 2936 1004 3000; x_wconf 83' lang='lat' dir='ltr'>Domini</span> <span class='ocrx_word' id='word_1_211' title='bbox 1016 2959 1035 3000; x_wconf 86' lang='lat' dir='ltr'>e</span> <span class='ocrx_word' id='word_1_212' title='bbox 1051 2937 1080 3002; x_wconf 86' lang='lat' dir='ltr'><em>C</em></span> <span class='ocrx_word' id='word_1_213' title='bbox 1079 2937 1149 3001; x_wconf 86' lang='lat' dir='ltr'>aelo</span> <span class='ocrx_word' id='word_1_214' title='bbox 1163 2937 1310 3020; x_wconf 79' lang='lat' dir='ltr'>Religio·</span> 
     </span>
     <span class='ocr_line' id='line_1_25' title="bbox 189 3031 1310 3115; baseline -0.001 -18"><span class='ocrx_word' id='word_1_215' title='bbox 189 3054 266 3097; x_wconf 86' lang='lat' dir='ltr'>sum</span> <span class='ocrx_word' id='word_1_216' title='bbox 280 3031 373 3107; x_wconf 89' lang='lat' dir='ltr'>illud,</span> <span class='ocrx_word' id='word_1_217' title='bbox 385 3053 456 3095; x_wconf 89' lang='lat' dir='ltr'>cum</span> <span class='ocrx_word' id='word_1_218' title='bbox 470 3032 619 3096; x_wconf 87' lang='lat' dir='ltr'>omnibus</span> <span class='ocrx_word' id='word_1_219' title='bbox 633 3033 702 3115; x_wconf 70' lang='lat' dir='ltr'>q&#39;us</span> <span class='ocrx_word' id='word_1_220' title='bbox 713 3031 912 3095; x_wconf 84' lang='lat' dir='ltr'>adulteratis</span> <span class='ocrx_word' id='word_1_221' title='bbox 928 3031 1016 3094; x_wconf 65' lang='lat' dir='ltr'>ireres</span> <span class='ocrx_word' id='word_1_222' title='bbox 1035 3031 1141 3106; x_wconf 83' lang='lat' dir='ltr'>Verbi,</span> <span class='ocrx_word' id='word_1_223' title='bbox 1151 3042 1310 3113; x_wconf 74' lang='lat' dir='ltr'>praeceps</span> 
     </span>
     <span class='ocr_line' id='line_1_26' title="bbox 188 3125 1311 3211; baseline 0 -21"><span class='ocrx_word' id='word_1_224' title='bbox 188 3126 375 3211; x_wconf 78' lang='lat' dir='ltr'>conjr&#39;cietur</span> <span class='ocrx_word' id='word_1_225' title='bbox 395 3126 431 3190; x_wconf 83' lang='lat' dir='ltr'>in</span> <span class='ocrx_word' id='word_1_226' title='bbox 455 3127 638 3206; x_wconf 76' lang='lat' dir='ltr'>infernum,</span> <span class='ocrx_word' id='word_1_227' title='bbox 660 3135 693 3190; x_wconf 84' lang='lat' dir='ltr'>et</span> <span class='ocrx_word' id='word_1_228' title='bbox 719 3127 811 3209; x_wconf 82' lang='lat' dir='ltr'>quod</span> <span class='ocrx_word' id='word_1_229' title='bbox 828 3125 974 3206; x_wconf 83' lang='lat' dir='ltr'>amplius</span> <span class='ocrx_word' id='word_1_230' title='bbox 997 3145 1160 3207; x_wconf 82' lang='lat' dir='ltr'>nusquam</span> <span class='ocrx_word' id='word_1_231' title='bbox 1182 3127 1311 3207; x_wconf 68' lang='lat' dir='ltr'>angelis</span> 
     </span>
     <span class='ocr_line' id='line_1_27' title="bbox 189 3219 1311 3303; baseline -0.001 -18"><span class='ocrx_word' id='word_1_232' title='bbox 189 3221 429 3303; x_wconf 78' lang='lat' dir='ltr'>appariturum</span> <span class='ocrx_word' id='word_1_233' title='bbox 456 3221 620 3284; x_wconf 73' lang='lat' dir='ltr'>sit-Per</span> <span class='ocrx_word' id='word_1_234' title='bbox 643 3221 808 3284; x_wconf 88' lang='lat' dir='ltr'>“sustulit</span> <span class='ocrx_word' id='word_1_235' title='bbox 837 3240 921 3283; x_wconf 90' lang='lat' dir='ltr'>unus</span> <span class='ocrx_word' id='word_1_236' title='bbox 946 3219 1103 3301; x_wconf 84' lang='lat' dir='ltr'>Angelus</span> <span class='ocrx_word' id='word_1_237' title='bbox 1129 3221 1286 3284; x_wconf 89' lang='lat' dir='ltr'>robustus</span> <span class='ocrx_word' id='word_1_238' title='bbox 1295 3221 1311 3246; x_wconf 81' lang='lat'>’⁹</span> 
     </span>
     <span class='ocr_line' id='line_1_28' title="bbox 189 3313 1311 3399; baseline -0.002 -19"><span class='ocrx_word' id='word_1_239' title='bbox 189 3314 400 3399; x_wconf 85' lang='lat' dir='ltr'>significatur</span> <span class='ocrx_word' id='word_1_240' title='bbox 413 3315 509 3379; x_wconf 82' lang='lat' dir='ltr'>fortis</span> <span class='ocrx_word' id='word_1_241' title='bbox 524 3315 669 3378; x_wconf 86' lang='lat' dir='ltr'>influxus</span> <span class='ocrx_word' id='word_1_242' title='bbox 686 3315 823 3379; x_wconf 90' lang='lat' dir='ltr'>Domini</span> <span class='ocrx_word' id='word_1_243' title='bbox 837 3334 857 3378; x_wconf 92' lang='lat' dir='ltr'>e</span> <span class='ocrx_word' id='word_1_244' title='bbox 873 3313 988 3386; x_wconf 86' lang='lat' dir='ltr'>Caelo.</span> <span class='ocrx_word' id='word_1_245' title='bbox 1006 3333 1065 3396; x_wconf 92' lang='lat' dir='ltr'>per</span> <span class='ocrx_word' id='word_1_246' title='bbox 1082 3319 1101 3346; x_wconf 82' lang='lat'>‘⁴</span> <span class='ocrx_word' id='word_1_247' title='bbox 1111 3314 1311 3396; x_wconf 85' lang='lat' dir='ltr'>Angelum”</span> 
     </span>
     <span class='ocr_line' id='line_1_29' title="bbox 191 3407 1311 3493; baseline -0.002 -18"><span class='ocrx_word' id='word_1_248' title='bbox 191 3413 282 3475; x_wconf 88' lang='lat' dir='ltr'>enirn</span> <span class='ocrx_word' id='word_1_249' title='bbox 301 3409 507 3493; x_wconf 85' lang='lat' dir='ltr'>significatur</span> <span class='ocrx_word' id='word_1_250' title='bbox 526 3409 703 3483; x_wconf 89' lang='lat' dir='ltr'>Dominus,</span> <span class='ocrx_word' id='word_1_251' title='bbox 722 3421 758 3472; x_wconf 91' lang='lat' dir='ltr'>et</span> <span class='ocrx_word' id='word_1_252' title='bbox 777 3411 930 3492; x_wconf 87' lang='lat' dir='ltr'>operatio</span> <span class='ocrx_word' id='word_1_253' title='bbox 950 3409 1067 3490; x_wconf 91' lang='lat' dir='ltr'>Ipsius,</span> <span class='ocrx_word' id='word_1_254' title='bbox 1088 3429 1174 3491; x_wconf 90' lang='lat' dir='ltr'>quae</span> <span class='ocrx_word' id='word_1_255' title='bbox 1193 3407 1230 3473; x_wconf 89' lang='lat' dir='ltr'>fit</span> <span class='ocrx_word' id='word_1_256' title='bbox 1250 3430 1311 3492; x_wconf 90' lang='lat' dir='ltr'>per</span> 
     </span>
     <span class='ocr_line' id='line_1_30' title="bbox 191 3501 1356 3585; baseline 0 -19"><span class='ocrx_word' id='word_1_257' title='bbox 191 3501 333 3568; x_wconf 89' lang='lat' dir='ltr'>Caelum</span> <span class='ocrx_word' id='word_1_258' title='bbox 353 3503 400 3585; x_wconf 91' lang='lat' dir='ltr'>(n.</span> <span class='ocrx_word' id='word_1_259' title='bbox 417 3504 488 3584; x_wconf 81' lang='lat'>258,</span> <span class='ocrx_word' id='word_1_260' title='bbox 506 3517 580 3585; x_wconf 79' lang='lat'>415,</span> <span class='ocrx_word' id='word_1_261' title='bbox 596 3503 669 3584; x_wconf 82' lang='lat'>465,</span> <span class='ocrx_word' id='word_1_262' title='bbox 685 3503 784 3585; x_wconf 83' lang='lat'><strong>649);</strong></span> <span class='ocrx_word' id='word_1_263' title='bbox 808 3505 860 3566; x_wconf 90' lang='lat' dir='ltr'>hic</span> <span class='ocrx_word' id='word_1_264' title='bbox 876 3504 953 3585; x_wconf 92' lang='lat' dir='ltr'>quia</span> <span class='ocrx_word' id='word_1_265' title='bbox 968 3514 1108 3566; x_wconf 88' lang='lat' dir='ltr'>vocatur</span> <span class='ocrx_word' id='word_1_266' title='bbox 1126 3501 1311 3584; x_wconf 90' lang='lat' dir='ltr'>“Angelus</span> <span class='ocrx_word' id='word_1_267' title='bbox 1354 3515 1356 3524; x_wconf 66' lang='lat'><strong><em>⁴</em></strong></span> 
     </span>
     <span class='ocr_line' id='line_1_31' title="bbox 191 3594 1310 3680; baseline -0.001 -20"><span class='ocrx_word' id='word_1_268' title='bbox 191 3598 378 3672; x_wconf 89' lang='lat' dir='ltr'>robustus,”</span> <span class='ocrx_word' id='word_1_269' title='bbox 395 3604 458 3661; x_wconf 88' lang='lat' dir='ltr'>“et</span> <span class='ocrx_word' id='word_1_270' title='bbox 477 3597 612 3661; x_wconf 88' lang='lat' dir='ltr'>sustulit</span> <span class='ocrx_word' id='word_1_271' title='bbox 632 3597 777 3680; x_wconf 89' lang='lat' dir='ltr'>lapidem</span> <span class='ocrx_word' id='word_1_272' title='bbox 794 3597 957 3660; x_wconf 89' lang='lat' dir='ltr'>molarem</span> <span class='ocrx_word' id='word_1_273' title='bbox 976 3594 1169 3676; x_wconf 87' lang='lat' dir='ltr'>magnum‚&#39;&#39;</span> <span class='ocrx_word' id='word_1_274' title='bbox 1184 3595 1310 3677; x_wconf 86' lang='lat' dir='ltr'>signifi·</span> 
     </span>
     <span class='ocr_line' id='line_1_32' title="bbox 192 3689 1311 3774; baseline -0.003 -17"><span class='ocrx_word' id='word_1_275' title='bbox 192 3703 289 3756; x_wconf 87' lang='lat' dir='ltr'>catur</span> <span class='ocrx_word' id='word_1_276' title='bbox 302 3692 396 3755; x_wconf 83' lang='lat' dir='ltr'>sortis</span> <span class='ocrx_word' id='word_1_277' title='bbox 411 3693 575 3774; x_wconf 86' lang='lat' dir='ltr'>operatio,</span> <span class='ocrx_word' id='word_1_278' title='bbox 591 3713 677 3774; x_wconf 89' lang='lat' dir='ltr'>quae</span> <span class='ocrx_word' id='word_1_279' title='bbox 692 3703 745 3755; x_wconf 88' lang='lat' dir='ltr'>est</span> <span class='ocrx_word' id='word_1_280' title='bbox 760 3691 855 3756; x_wconf 85' lang='lat' dir='ltr'>lo&#39;rtis</span> <span class='ocrx_word' id='word_1_281' title='bbox 872 3689 1034 3753; x_wconf 86' lang='lat' dir='ltr'>influxus:</span> <span class='ocrx_word' id='word_1_282' title='bbox 1060 3709 1118 3772; x_wconf 89' lang='lat' dir='ltr'>per</span> <span class='ocrx_word' id='word_1_283' title='bbox 1136 3689 1311 3772; x_wconf 88' lang='lat' dir='ltr'>“lapidem</span> 
     </span>
     <span class='ocr_line' id='line_1_33' title="bbox 192 3775 1311 3869; baseline 0.001 -21"><span class='ocrx_word' id='word_1_284' title='bbox 192 3787 285 3869; x_wconf 89' lang='lat' dir='ltr'>quasi</span> <span class='ocrx_word' id='word_1_285' title='bbox 299 3785 459 3849; x_wconf 91' lang='lat' dir='ltr'>molarem</span> <span class='ocrx_word' id='word_1_286' title='bbox 472 3805 633 3868; x_wconf 89' lang='lat' dir='ltr'>magnum</span> <span class='ocrx_word' id='word_1_287' title='bbox 642 3787 658 3812; x_wconf 87' lang='lat'>&#39;&#39;</span> <span class='ocrx_word' id='word_1_288' title='bbox 670 3775 902 3868; x_wconf 81' lang='lat' dir='ltr'>significantur</span> <span class='ocrx_word' id='word_1_289' title='bbox 914 3783 1106 3848; x_wconf 88' lang='lat' dir='ltr'>adulterata</span> <span class='ocrx_word' id='word_1_290' title='bbox 1118 3795 1152 3848; x_wconf 91' lang='lat' dir='ltr'>et</span> <span class='ocrx_word' id='word_1_291' title='bbox 1166 3787 1311 3868; x_wconf 88' lang='lat' dir='ltr'>propha-</span> 
     </span>
     <span class='ocr_line' id='line_1_34' title="bbox 192 3879 1312 3964; baseline 0.001 -20"><span class='ocrx_word' id='word_1_292' title='bbox 192 3891 276 3944; x_wconf 88' lang='lat' dir='ltr'>nata</span> <span class='ocrx_word' id='word_1_293' title='bbox 289 3901 368 3944; x_wconf 85' lang='lat' dir='ltr'>vera</span> <span class='ocrx_word' id='word_1_294' title='bbox 381 3879 485 3944; x_wconf 91' lang='lat' dir='ltr'>Verbi</span> <span class='ocrx_word' id='word_1_295' title='bbox 498 3903 505 3958; x_wconf 79' lang='lat'><em>3</em></span> <span class='ocrx_word' id='word_1_296' title='bbox 525 3900 584 3963; x_wconf 87' lang='lat' dir='ltr'>per</span> <span class='ocrx_word' id='word_1_297' title='bbox 597 3887 617 3914; x_wconf 83' lang='lat'>‘⁴</span> <span class='ocrx_word' id='word_1_298' title='bbox 626 3879 772 3964; x_wconf 90' lang='lat' dir='ltr'>lapidem</span> <span class='ocrx_word' id='word_1_299' title='bbox 781 3880 795 3906; x_wconf 84' lang='lat'>&#39;¹</span> <span class='ocrx_word' id='word_1_300' title='bbox 808 3882 897 3944; x_wconf 90' lang='lat' dir='ltr'>enim</span> <span class='ocrx_word' id='word_1_301' title='bbox 913 3879 1121 3961; x_wconf 88' lang='lat' dir='ltr'>significatur</span> <span class='ocrx_word' id='word_1_302' title='bbox 1136 3900 1262 3954; x_wconf 90' lang='lat' dir='ltr'>verum,</span> <span class='ocrx_word' id='word_1_303' title='bbox 1276 3890 1312 3945; x_wconf 90' lang='lat' dir='ltr'>et</span> 
     </span>
     <span class='ocr_line' id='line_1_35' title="bbox 192 3973 1312 4057; baseline 0.001 -20"><span class='ocrx_word' id='word_1_304' title='bbox 192 3995 252 4057; x_wconf 89' lang='lat' dir='ltr'>per</span> <span class='ocrx_word' id='word_1_305' title='bbox 265 3973 418 4037; x_wconf 91' lang='lat' dir='ltr'>“molam</span> <span class='ocrx_word' id='word_1_306' title='bbox 426 3974 443 4000; x_wconf 88' lang='grc'>”</span> <span class='ocrx_word' id='word_1_307' title='bbox 457 3975 666 4056; x_wconf 84' lang='lat' dir='ltr'>significatur</span> <span class='ocrx_word' id='word_1_308' title='bbox 676 3976 857 4057; x_wconf 91' lang='lat' dir='ltr'>inquisitio,</span> <span class='ocrx_word' id='word_1_309' title='bbox 871 3976 1034 4038; x_wconf 89' lang='lat' dir='ltr'>scrutatio</span> <span class='ocrx_word' id='word_1_310' title='bbox 1050 3983 1085 4036; x_wconf 87' lang='lat' dir='ltr'>et</span> <span class='ocrx_word' id='word_1_311' title='bbox 1101 3973 1312 4038; x_wconf 89' lang='lat' dir='ltr'>confirmatio</span> 
     </span>
     <span class='ocr_line' id='line_1_36' title="bbox 192 4067 1312 4151; baseline -0.001 -19"><span class='ocrx_word' id='word_1_312' title='bbox 192 4070 262 4132; x_wconf 86' lang='lat' dir='ltr'>veri</span> <span class='ocrx_word' id='word_1_313' title='bbox 285 4089 330 4132; x_wconf 89' lang='lat' dir='ltr'>ex</span> <span class='ocrx_word' id='word_1_314' title='bbox 353 4067 480 4144; x_wconf 87' lang='lat' dir='ltr'>Verbo,</span> <span class='ocrx_word' id='word_1_315' title='bbox 506 4069 565 4150; x_wconf 87' lang='lat' dir='ltr'>(de</span> <span class='ocrx_word' id='word_1_316' title='bbox 587 4089 652 4151; x_wconf 91' lang='lat' dir='ltr'>qua</span> <span class='ocrx_word' id='word_1_317' title='bbox 674 4088 706 4132; x_wconf 88' lang='lat' dir='ltr'>n.</span> <span class='ocrx_word' id='word_1_318' title='bbox 725 4068 815 4150; x_wconf 85' lang='lat'>794),</span> <span class='ocrx_word' id='word_1_319' title='bbox 834 4070 888 4132; x_wconf 90' lang='lat' dir='ltr'>hic</span> <span class='ocrx_word' id='word_1_320' title='bbox 912 4079 1027 4132; x_wconf 91' lang='lat' dir='ltr'>autem</span> <span class='ocrx_word' id='word_1_321' title='bbox 1050 4068 1254 4132; x_wconf 88' lang='lat' dir='ltr'>adulteratio</span> <span class='ocrx_word' id='word_1_322' title='bbox 1276 4080 1312 4131; x_wconf 89' lang='lat' dir='ltr'>et</span> 
     </span>
     <span class='ocr_line' id='line_1_37' title="bbox 193 4161 1311 4247; baseline -0.002 -21"><span class='ocrx_word' id='word_1_323' title='bbox 193 4163 416 4246; x_wconf 90' lang='lat' dir='ltr'>prophanatio</span> <span class='ocrx_word' id='word_1_324' title='bbox 428 4165 497 4227; x_wconf 90' lang='lat' dir='ltr'>veri</span> <span class='ocrx_word' id='word_1_325' title='bbox 510 4163 625 4238; x_wconf 91' lang='lat' dir='ltr'>Verbi,</span> <span class='ocrx_word' id='word_1_326' title='bbox 639 4164 770 4246; x_wconf 89' lang='lat' dir='ltr'>quiade</span> <span class='ocrx_word' id='word_1_327' title='bbox 788 4162 982 4245; x_wconf 90' lang='lat' dir='ltr'>Babylone:</span> <span class='ocrx_word' id='word_1_328' title='bbox 1002 4183 1062 4246; x_wconf 90' lang='lat' dir='ltr'>per</span> <span class='ocrx_word' id='word_1_329' title='bbox 1076 4161 1264 4247; x_wconf 90' lang='lat' dir='ltr'>“projicere</span> <span class='ocrx_word' id='word_1_330' title='bbox 1278 4163 1311 4224; x_wconf 97' lang='lat' dir='ltr'>in</span> 
     </span>
     <span class='ocr_line' id='line_1_38' title="bbox 195 4256 1313 4340; baseline -0.002 -20"><span class='ocrx_word' id='word_1_331' title='bbox 195 4256 311 4320; x_wconf 87' lang='lat' dir='ltr'>mare&#39;’</span> <span class='ocrx_word' id='word_1_332' title='bbox 328 4257 536 4339; x_wconf 88' lang='lat' dir='ltr'>significatur</span> <span class='ocrx_word' id='word_1_333' title='bbox 553 4259 587 4321; x_wconf 93' lang='lat' dir='ltr'>in</span> <span class='ocrx_word' id='word_1_334' title='bbox 605 4257 794 4321; x_wconf 87' lang='lat' dir='ltr'>lniernum:</span> <span class='ocrx_word' id='word_1_335' title='bbox 819 4277 878 4340; x_wconf 90' lang='lat' dir='ltr'>per</span> <span class='ocrx_word' id='word_1_336' title='bbox 897 4259 973 4321; x_wconf 90' lang='lat' dir='ltr'>“sic</span> <span class='ocrx_word' id='word_1_337' title='bbox 992 4259 1121 4339; x_wconf 89' lang='lat' dir='ltr'>impetu</span> <span class='ocrx_word' id='word_1_338' title='bbox 1140 4256 1313 4337; x_wconf 89' lang='lat' dir='ltr'>dejicietur</span> 
     </span>
     <span class='ocr_line' id='line_1_39' title="bbox 194 4349 1312 4434; baseline -0.002 -20"><span class='ocrx_word' id='word_1_339' title='bbox 194 4351 360 4434; x_wconf 90' lang='lat' dir='ltr'>Babylon,</span> <span class='ocrx_word' id='word_1_340' title='bbox 370 4350 429 4414; x_wconf 92' lang='lat' dir='ltr'>illa</span> <span class='ocrx_word' id='word_1_341' title='bbox 438 4371 564 4433; x_wconf 86' lang='lat' dir='ltr'>magna</span> <span class='ocrx_word' id='word_1_342' title='bbox 573 4351 668 4415; x_wconf 87' lang='lat' dir='ltr'>urbs”</span> <span class='ocrx_word' id='word_1_343' title='bbox 677 4351 885 4433; x_wconf 88' lang='lat' dir='ltr'>significatur</span> <span class='ocrx_word' id='word_1_344' title='bbox 894 4351 983 4433; x_wconf 92' lang='lat' dir='ltr'>quod</span> <span class='ocrx_word' id='word_1_345' title='bbox 994 4353 1040 4414; x_wconf 92' lang='lat' dir='ltr'>sic</span> <span class='ocrx_word' id='word_1_346' title='bbox 1053 4351 1261 4433; x_wconf 88' lang='lat' dir='ltr'>Religiosum</span> <span class='ocrx_word' id='word_1_347' title='bbox 1273 4349 1312 4412; x_wconf 93' lang='lat' dir='ltr'>il·</span> 
     </span>
     <span class='ocr_line' id='line_1_40' title="bbox 195 4445 1314 4529; baseline -0.002 -21"><span class='ocrx_word' id='word_1_348' title='bbox 195 4445 252 4509; x_wconf 93' lang='lat' dir='ltr'>lud</span> <span class='ocrx_word' id='word_1_349' title='bbox 272 4465 434 4529; x_wconf 86' lang='lat' dir='ltr'>praeceps</span> <span class='ocrx_word' id='word_1_350' title='bbox 452 4446 647 4527; x_wconf 88' lang='lat' dir='ltr'>conjicietur</span> <span class='ocrx_word' id='word_1_351' title='bbox 665 4447 698 4508; x_wconf 93' lang='lat' dir='ltr'>in</span> <span class='ocrx_word' id='word_1_352' title='bbox 718 4445 907 4508; x_wconf 85' lang='lat' dir='ltr'>infernum:</span> <span class='ocrx_word' id='word_1_353' title='bbox 932 4465 992 4528; x_wconf 91' lang='lat' dir='ltr'>per</span> <span class='ocrx_word' id='word_1_354' title='bbox 1011 4450 1106 4508; x_wconf 88' lang='lat' dir='ltr'>“non</span> <span class='ocrx_word' id='word_1_355' title='bbox 1127 4445 1314 4507; x_wconf 88' lang='lat' dir='ltr'>invenietur</span> 
     </span>
     <span class='ocr_line' id='line_1_41' title="bbox 194 4539 1312 4624; baseline -0.004 -21"><span class='ocrx_word' id='word_1_356' title='bbox 194 4541 337 4624; x_wconf 90' lang='lat' dir='ltr'>amplius</span> <span class='ocrx_word' id='word_1_357' title='bbox 344 4540 361 4566; x_wconf 89' lang='lat'><strong>”</strong></span> <span class='ocrx_word' id='word_1_358' title='bbox 371 4539 581 4621; x_wconf 84' lang='lat' dir='ltr'>significatur</span> <span class='ocrx_word' id='word_1_359' title='bbox 591 4539 681 4622; x_wconf 89' lang='lat' dir='ltr'>quod</span> <span class='ocrx_word' id='word_1_360' title='bbox 696 4539 840 4621; x_wconf 90' lang='lat' dir='ltr'>amplius</span> <span class='ocrx_word' id='word_1_361' title='bbox 856 4558 1019 4621; x_wconf 89' lang='lat' dir='ltr'>nusquam</span> <span class='ocrx_word' id='word_1_362' title='bbox 1035 4539 1166 4620; x_wconf 86' lang='lat' dir='ltr'>angelis</span> <span class='ocrx_word' id='word_1_363' title='bbox 1181 4539 1312 4620; x_wconf 87' lang='lat' dir='ltr'>appari-</span> 
     </span>
     <span class='ocr_line' id='line_1_42' title="bbox 195 4628 1312 4717; baseline -0.004 -18"><span class='ocrx_word' id='word_1_364' title='bbox 195 4649 303 4699; x_wconf 87' lang='lat' dir='ltr'>turum</span> <span class='ocrx_word' id='word_1_365' title='bbox 319 4635 383 4698; x_wconf 85' lang='lat' dir='ltr'>sit:</span> <span class='ocrx_word' id='word_1_366' title='bbox 408 4634 498 4717; x_wconf 90' lang='lat' dir='ltr'>quod</span> <span class='ocrx_word' id='word_1_367' title='bbox 513 4635 579 4698; x_wconf 87' lang='lat' dir='ltr'>hoc</span> <span class='ocrx_word' id='word_1_368' title='bbox 595 4633 811 4716; x_wconf 86' lang='lat' dir='ltr'>significetur,</span> <span class='ocrx_word' id='word_1_369' title='bbox 824 4643 877 4698; x_wconf 91' lang='lat' dir='ltr'>est</span> <span class='ocrx_word' id='word_1_370' title='bbox 890 4634 967 4717; x_wconf 91' lang='lat' dir='ltr'>quia</span> <span class='ocrx_word' id='word_1_371' title='bbox 982 4651 1100 4697; x_wconf 89' lang='lat' dir='ltr'>omnes</span> <span class='ocrx_word' id='word_1_372' title='bbox 1112 4653 1156 4696; x_wconf 89' lang='lat' dir='ltr'>ex</span> <span class='ocrx_word' id='word_1_373' title='bbox 1173 4628 1231 4696; x_wconf 93' lang='lat' dir='ltr'>illo</span> <span class='ocrx_word' id='word_1_374' title='bbox 1244 4631 1312 4694; x_wconf 88' lang='lat' dir='ltr'>Re·</span> 
     </span>
    </p>
   </div>
   <div class='ocr_carea' id='block_1_5' title="bbox 0 0 1699 5400">
    <p class='ocr_par' dir='ltr' id='par_1_5' title="bbox 0 0 1699 5400">
     <span class='ocr_line' id='line_1_43' title="bbox 0 0 1699 5400; baseline 0 0"><span class='ocrx_word' id='word_1_375' title='bbox 0 0 1699 5400; x_wconf 95' lang='lat' dir='ltr'> </span> 
     </span>
    </p>
   </div>
  </div>
 </body>
</html>
