3384 5400
581 727 915 795 cur„xv111.,vuns.
935 732 1040 782 1.-u.
1056 733 1127 800 753.
1351 719 1418 801 655·

416 899 527 969 faciunt
538 899 578 968 [n.
591 900 669 967 799];
688 909 768 968 ‘oum
782 899 901 954 romeu
912 904 957 954 tuo
973 901 1099 954 rodum
1114 905 1178 956 suut
1191 902 1416 968 summotos?

423 967 547 1032 signifieat
559 967 661 1018 illomn
674 968 787 1033 nefarios
798 975 863 1017 artes
873 974 897 1016 et
909 969 1023 1026 amoos,
1030 976 1079 1030 per
1088 984 1151 1032 quos
1161 969 1275 1017 omnium
1287 968 1388 1017 animos
1399 985 1415 1015 a

421 1037 508 1083 samo
518 1035 588 1083 cultu
600 1034 709 1083 Domini
719 1033 921 1098 adpropianuna
933 1035 1030 1083 cultum
1039 1034 1172 1082 domuum
1184 1035 1302 1083 mitorum
1314 1041 1339 1082 et
1349 1035 1416 1082 mor?

422 1107 524 1150 morum
536 1108 609 1166 noque
620 1101 743 1150 mmmm
754 1101 918 1150 adduam
929 1099 1054 1167 [ιι.,8οο].

289 1205 331 1256 24.
356 1199 370 1223 ¹
379 1191 411 1246 n
425 1193 452 1247 io
468 1207 500 1246 oo
516 1193 627 1262 sanquis
643 1191 830 1260 Prophetarum
847 1198 877 1246 ot
891 1193 1043 1246 &omarum
1059 1192 1181 1246 innotus
1198 1197 1248 1251 ort
1259 1194 1416 1246 amium

423 1260 565 1312 occisorum
577 1274 658 1327 super
668 1262 772 1319 torro,''
782 1260 905 1324 signifieat
916 1262 986 1326 quod
993 1278 1025 1310 ex
1034 1261 1165 1325 Relrgnoso,
1173 1262 1242 1326 quod
1245 1268 1294 1326 per
1302 1267 1319 1290 ‘⁴
1329 1261 1416 1310 urbem

423 1328 575 1392 Babylonem
583 1328 599 1352 '¹
609 1329 769 1392 satelltffi'tur,
777 1328 971 1377 sr'todulteratio
978 1335 1002 1375 et
1003 1326 1175 1392 prophanatio
1183 1329 1264 1375 omnis
1271 1328 1330 1375 vern¹
1346 1326 1419 1376 Verbi

422 1399 448 1442 et
456 1393 656 1527 indeffccgeoniie,
664 1401 688 1443 er
695 1396 763 1459 quod
771 1394 830 1443 inde
838 1394 1104 1459 wantsumu
1111 1393 1142 1442 in
1149 1399 1230 1442 minin
1241 1393 1417 1462 chritianum

424 1460 504 1510 orbem
533 1475 559 1510 n.
608 1471 618 1510 1
639 1495 646 1510 .

700 1677 1001 1727 EXPLICATIO.

350 1857 446 1931 753·
472 1857 557 1926 [Vm.
573 1857 609 1924 n]
635 1845 1414 1930 'Etporiiuoon‘di''significatmanifestato·

290 1938 559 2002 nemdeintm'tu
567 1947 599 2000 et
606 1939 818 2003 damnatione
827 1938 971 2014 illorum,
982 1939 1042 2021 qui
1049 1939 1085 2002 in
1093 1939 1263 2021 Religioso
1275 1938 1413 2005 Cathol-

289 2032 337 2095 ico
348 2033 497 2098 Romano
507 2041 614 2108 erant,
626 2042 659 2097 et
672 2043 888 2097 exercuerunt
897 2042 1095 2114 potestatem
1107 2044 1209 2115 super
1218 2035 1338 2097 sancia
1347 2033 1414 2097 Ec-

288 2126 406 2191 clesiae
425 2137 458 2190 et
481 2125 628 2203 Caelum,
647 2127 758 2192 animo
780 2126 978 2191 dominandi
995 2137 1097 2208 super
1113 2147 1233 2202 omnes,
1252 2137 1285 2190 et
1301 2127 1414 2207 possi·

290 2221 506 2286 dendiomnia
517 2220 811 2286 altorum—Haec
826 2219 1059 2302 significantur
1069 2221 1122 2284 hic
1135 2242 1196 2304 per
1207 2221 1318 2286 “Post
1328 2221 1413 2286 haec

290 2314 386 2390 vidi,''
399 2317 476 2398 quia
491 2316 534 2378 de
549 2315 601 2378 his
612 2315 646 2378 in
663 2315 727 2379 hoc
741 2314 854 2397 capite
867 2315 989 2396 agitur.
1033 2313 1221 2378 Praemisso
1236 2324 1317 2379 sunt
1332 2326 1415 2379 ante

290 2409 355 2473 hoc
372 2407 467 2492 Opus
482 2409 648 2490 dogmata
664 2409 828 2490 Religiosi
841 2409 947 2483 istius,
962 2417 999 2472 ut
1011 2408 1059 2472 illi
1070 2409 1126 2491 qui
1138 2409 1172 2472 in
1183 2407 1413 2472 illustratione

290 2523 310 2566 a
337 2502 486 2566 Domino
512 2512 602 2578 sunt,
626 2503 741 2567 videre
768 2503 900 2584 possint
926 2502 1017 2584 quod
1044 2521 1112 2566 non
1138 2501 1229 2566 aliud
1255 2499 1413 2584 spetiem

290 2615 391 2680 quam
412 2597 598 2661 dominium
620 2617 719 2678 super
736 2598 868 2660 animas
891 2595 1076 2671 hominum,
1100 2595 1146 2659 ob
1167 2594 1270 2659 finem
1293 2604 1331 2658 ut
1353 2615 1413 2658 co-

291 2689 403 2756 lantur
421 2692 507 2755 sicut
532 2690 596 2767 Dii,
616 2711 656 2755 ac
676 2689 740 2755 soli
763 2689 961 2773 possideant
984 2689 1075 2754 bona
1093 2690 1200 2755 totius
1218 2690 1354 2768 mundi3
1378 2701 1413 2754 et

290 2785 439 2867 quiaille
453 2784 528 2849 finis
544 2785 615 2861 iuit‘,
633 2795 668 2849 et
687 2805 822 2867 prorsus
839 2804 909 2849 non
924 2783 1016 2847 salus
1031 2784 1231 2859 animarum,
1248 2784 1415 2866 dogmata

290 2899 350 2943 sua
375 2899 444 2943 non
474 2889 658 2961 potuerunt
685 2878 821 2943 aliunde
848 2878 1025 2943 desumere
1051 2898 1153 2961 quam
1179 2898 1225 2941 ex
1256 2878 1413 2955 Iniern0;

291 2992 358 3036 non
385 2974 475 3037 enim
503 2982 686 3055 potuerunt
714 2994 732 3036 e
757 2971 874 3047 Caelo,
898 2972 963 3037 hoc
990 2983 1054 3047 est,
1078 2992 1099 3036 a
1125 2971 1286 3046 Domino,
1310 2973 1414 3036 seda

290 3078 410 3141 semet,
430 3068 507 3150 quia
529 3068 564 3130 in
586 3088 623 3131 se
642 3066 890 3139 transtulerunt
913 3067 1028 3130 omnia
1052 3065 1199 3129 Domini.
1244 3064 1334 3147 Quid
1353 3066 1413 3130 de-

290 3160 481 3225 testabilius
503 3180 603 3243 quam
630 3160 780 3224 dividere
807 3158 938 3242 Corpus
965 3169 1008 3227 et¹
1027 3158 1235 3240 Sanguinem
1263 3160 1411 3235 Domini,

290 3274 349 3319 seu
372 3254 498 3318 Panem
521 3264 557 3318 et
579 3253 718 3329 Vinum,
742 3256 776 3317 in
800 3252 904 3317 Sacra
927 3252 1061 3331 Caena;
1089 3254 1267 3317 manifeste
1289 3265 1411 3318 contra

291 3351 551 3427 institutionem,
571 3360 608 3415 et
630 3350 695 3413 hoc
718 3369 778 3431 per
798 3347 973 3430 figmenta,
993 3357 1029 3412 et
1052 3349 1149 3411 unice
1171 3358 1310 3431 propter
1328 3346 1412 3411 Sac-

290 3442 393 3509 rificia
411 3444 537 3508 Missae
555 3444 673 3508 diurna
691 3454 727 3507 et
746 3440 921 3517 nodiurna,
942 3463 1002 3524 per
1018 3462 1105 3524 quae
1124 3442 1297 3507 lucrantur
1315 3464 1412 3507 mun·

291 3539 380 3603 dum.
439 3537 529 3620 Quid
552 3536 788 3603 detestabilius
811 3557 912 3619 quam
939 3535 1051 3600 coiere
1077 3546 1230 3601 mortuos
1257 3537 1413 3603 homines

291 3632 506 3697 invocatione
542 3632 675 3707 Divina,
712 3652 751 3695 ac
788 3650 887 3712 super
921 3630 1075 3712 genubus
1111 3630 1332 3713 procumbere
1367 3633 1411 3695 ad

291 3726 469 3791 simulacra
501 3746 628 3801 eorum,
662 3735 698 3789 et
731 3722 849 3789 sanae
881 3724 1026 3787 osculari
1060 3723 1129 3800 ilia,
1164 3725 1233 3787 imo
1265 3746 1346 3789 ossa
1375 3738 1412 3791 et

291 3819 446 3904 reliquias
465 3821 638 3885 cadaveris
657 3838 784 3895 eorum,
805 3819 906 3882 etsie
926 3818 1093 3882 abducere
1116 3817 1260 3900 populos
1277 3840 1300 3882 a
1317 3819 1411 3885 cultu

291 3912 426 3989 Divino,
446 3934 485 3977 ac
507 3914 665 3979 inducere
688 3914 721 3976 in
740 3912 870 3976 cultum
893 3912 1115 3995 prophanum,
1135 3922 1171 3976 et
1194 3912 1258 3977 hoc
1277 3934 1411 3996 quoque

216 4080 224 4100 Ι
291 4018 429 4091 propter
441 4006 654 4072 lucrationes.
687 4005 776 4088 Quid
786 4005 1022 4069 detestabilius
1030 4026 1131 4087 quarn
1145 4003 1270 4088 po'nere
1280 4006 1410 4071 cultum

293 4101 451 4166 Divinum
463 4100 581 4165 diebus
597 4100 784 4164 Dominicis
797 4109 832 4163 et
849 4100 944 4163 iestis
958 4101 992 4161 in
1009 4098 1121 4163 Missis
1134 4119 1201 4163 non
1214 4100 1409 4176 intellediis,

290 4198 338 4261 ita
356 4199 390 4261 in
408 4197 561 4267 externis
576 4215 662 4276 quae
677 4195 827 4276 corporis
845 4203 882 4257 et
899 4192 970 4273 ejus
988 4190 1168 4256 areanum
1185 4203 1265 4257 sunt
1282 4195 1410 4277 absque

291 4291 432 4356 internis
449 4309 535 4373 quae
553 4289 686 4353 animae
705 4298 740 4351 et
759 4286 829 4368 ejus
847 4284 1062 4350 affeitionum
1081 4296 1171 4364 sunt,
1191 4307 1230 4356 ac
1252 4287 1318 4351 illis
1336 4309 1410 4352 om·

292 4404 370 4449 nem
382 4381 601 4449 santiitatem
613 4381 781 4456 addicere,
795 4382 890 4445 etsie
904 4390 1020 4445 tenere
1033 4400 1153 4445 omnes
1168 4382 1201 4443 in
1217 4382 1410 4462 ignorantia

291 4488 326 4542 et
339 4498 442 4542 caeca
453 4475 529 4553 fide,
542 4486 578 4540 ut
588 4476 805 4552 dominentur
814 4486 855 4539 et·
864 4474 1044 4538 lucrentur.
1074 4472 1165 4555 Quid
1173 4475 1411 4539 detestabilius

291 4591 392 4655 quam
418 4571 452 4634 in
479 4591 515 4635 se
539 4569 718 4635 transferre
743 4571 857 4633 omnia
883 4569 1026 4632 Divinae
1050 4569 1233 4650 potestatis
1260 4568 1409 4645 Domini,

291 4666 381 4750 quod
400 4684 469 4731 non
487 4665 578 4729 aliud
598 4674 650 4731 est
669 4684 770 4748 quam
789 4664 968 4729 detrahere
990 4662 1176 4740 Dominum
1193 4662 1237 4730 de
1255 4662 1407 4744 Throno,
