3384 5400
360 635 425 702 610
680 651 927 702 nrocnuuesrs
950 651 1159 702 auvecurt.

362 819 495 894 trinam,
512 829 547 884 et
566 820 644 884 inde
664 820 791 884 “urbes
801 819 816 846 ”
831 817 1040 892 doctrinalia,
1056 829 1109 884 est
1127 820 1204 904 quia
1222 840 1281 904 per
1297 822 1475 898 “terram,”

361 916 394 976 in
421 915 533 996 specie
555 935 614 996 per
638 913 805 979 “Terram
829 913 1053 989 Canaanem‚”
1070 914 1281 996 ‚significatur
1303 915 1473 994 Ecclesia3

361 1018 397 1072 et
423 1009 499 1090 quia
526 1007 680 1072 Ecclesia
710 1018 761 1072 est
793 1007 947 1072 Ecclesia
973 1023 1026 1071 ex·
1048 1006 1201 1072 doctrina
1229 1019 1265 1072 et
1295 1012 1473 1074 secundum

360 1102 464 1176 illam,
481 1103 559 1166 inde
578 1119 637 1184 per
653 1103 780 1166 “urbes
787 1102 803 1128 ''
821 1101 1052 1184 significantur
1068 1099 1284 1166 doctrinalia:
1308 1104 1473 1168 doceban-

361 1206 415 1261 tur
444 1198 546 1260 etiam
580 1198 613 1259 in
643 1197 788 1270 urbibus,
819 1197 897 1278 quia
927 1197 972 1259 ibi
1005 1206 1101 1260 erant
1131 1195 1350 1278 Synagogae‚·
1376 1206 1411 1262 et
1443 1200 1473 1260 in

362 1290 601 1370 Hierosolyma
622 1290 724 1353 etiam
744 1289 945 1371 Templum3
968 1290 1046 1353 inde
1064 1299 1117 1353 est
1135 1291 1225 1372 quod
1249 1311 1308 1374 per
1327 1290 1474 1355 “Hiero-

361 1385 527 1464 solymam
536 1384 551 1408 ''
566 1383 771 1466 significetur
787 1383 943 1447 Ecclesia
958 1384 1069 1465 quoad
1087 1381 1276 1448 doctrinam
1294 1386 1328 1448 in
1346 1386 1474 1449 univer-

360 1478 421 1542 sali
440 1498 549 1541 sensu.

419 1591 512 1663 713·
540 1579 606 1642 ‘fr
631 1578 765 1662 Babylon
785 1599 898 1662 magno
922 1579 1001 1642 sanir
1025 1579 1056 1641 in
1082 1579 1258 1642 memorium
1278 1600 1385 1644 comm
1405 1582 1475 1655 000,

360 1669 437 1732 don
457 1669 504 1731 illi
515 1670 658 1750 poculum
682 1668 742 1731 vini
758 1669 1038 1732 aroondaauntioo
1058 1668 1125 1732 irae
1153 1669 1287 1750 lpaiua,''
1307 1671 1473 1751 significat

360 1772 436 1824 tunc
455 1760 555 1824 etiam
573 1759 823 1823 destrulitbnem
838 1761 1029 1842 dogmatum
1045 1760 1212 1843 Reltgiosi
1225 1760 1254 1826 C
1253 1762 1393 1825 athalico
1409 1763 1474 1824 Ro-

359 1855 566 1918 mani—Per
598 1861 617 1887 ‘⁴
630 1854 840 1936 Babylonem
849 1854 865 1880 '⁹
894 1865 931 1918 ut
962 1856 1088 1930 urbem,
1116 1865 1153 1919 ut
1183 1855 1247 1930 hic,
1270 1855 1475 1937 significatur

360 1948 568 2032 Religiosurn
582 1949 662 2012 illud
675 1949 785 2032 quoad
801 1947 870 2030 ejus
883 1949 1047 2031 dogmata
1058 1959 1093 2012 et
1106 1946 1305 2013 doctrinalia
1317 1948 1366 2032 (n.
1377 1948 1452 2032 631)
1464 1971 1473 2028 ;

359 2065 419 2126 per
435 2044 543 2106 “dare
559 2043 605 2105 illi
620 2043 776 2125 poculum
792 2043 859 2105 vini
872 2042 1179 2106 excandescentiae
1190 2045 1258 2106 irae
1271 2042 1358 2106 Dei”
1372 2044 1473 2124 signi·

359 2137 477 2201 fleatur
492 2139 670 2201 devastare
686 2157 790 2220 usque
809 2145 846 2199 ut
865 2155 933 2200 non
953 2138 995 2199 sit
1015 2138 1076 2199 nisi
1094 2156 1195 2219 quarn
1214 2136 1339 2200 malum
1358 2147 1394 2200 et
1411 2137 1470 2200 ial-

359 2252 452 2308 sum;
476 2232 566 2314 quod
581 2232 614 2293 id
631 2251 690 2314 per
707 2230 893 2313 “poculum
905 2232 972 2293 vini
988 2231 1294 2294 excandescentiae
1309 2231 1377 2294 irae
1389 2231 1473 2294 Dei”

358 2326 575 2409 significetur,
594 2326 748 2388 videatur
766 2345 865 2406 supra
886 2323 932 2405 (n.
951 2325 1024 2404 631,
1042 2323 1131 2406 632).

423 2426 557 2510 [mall
581 2435 668 2503 [Vm.
682 2435 734 2502 nn]
759 2426 825 2489 “fr
844 2425 940 2489 omnis
959 2427 1060 2488 insula
1075 2425 1163 2508 fuya,
1177 2430 1212 2488 ol
1225 2431 1343 2489 munros
1357 2445 1416 2489 non
1430 2427 1474 2489 in·
1541 2428 1543 2441 '

361 2518 441 2582 venti
452 2517 559 2588 sunl,''
573 2516 742 2598 significat
757 2516 848 2598 quod
859 2535 922 2578 non
936 2515 1078 2597 aliquod
1088 2536 1203 2578 verum
1210 2513 1301 2596 fidei
1312 2515 1471 2597 amplius.

358 2631 413 2674 nec
430 2608 569 2691 aliquod
583 2608 700 2671 bonum
717 2607 844 2671 amoris
862 2607 1035 2690 amplius]

417 2716 524 2798 7145·
549 2724 638 2791 [Vm.
652 2722 705 2791 21.]
731 2714 795 2776 ‘tr
811 2715 933 2795 grando
952 2734 1064 2795 magno
1079 2712 1172 2796 quusi
1181 2713 1292 2776 talenti
1304 2715 1404 2795 pondo
1422 2716 1474 2778 da·

358 2806 480 2870 scandit
488 2805 525 2867 de
536 2803 628 2865 Baelo
636 2803 909 2883 supernominea,''
918 2802 1085 2884 significat
1096 2802 1178 2864 dira
1187 2812 1220 2865 et
1230 2805 1359 2867 atrocia
1361 2804 1471 2884 salsa,

352 2908 418 2979 per
429 2916 512 2978 quae
522 2916 615 2958 ornne
625 2916 738 2957 verum
755 2893 857 2958 Verbi
863 2894 982 2957 atinde
988 2894 1153 2957 Ecclesiae
1160 2894 1362 2957 destrulium
1372 2906 1474 2959 est.—

359 2990 460 3072 Quod
476 3010 534 3071 per
548 2994 567 3021 “
576 2989 774 3070 grandinem
783 2989 798 3013 ’⁹
814 2987 1021 3069 significetur
1035 2988 1154 3051 salsum
1166 2989 1343 3053 destruens
1359 3010 1473 3053 verum

358 3096 393 3149 et
410 3085 545 3157 bonurn,
562 3082 714 3145 videatur
732 3102 831 3163 supra
849 3082 896 3163 (n.
915 3081 1010 3164 399);
1029 3091 1064 3144 et
1083 3083 1160 3163 quia
1177 3082 1298 3145 dicitur
1314 3084 1473 3164 “grando

358 3198 482 3260 magna
504 3177 598 3259 quasi
622 3175 743 3240 talenti
765 3176 908 3258 pondo,'’
927 3175 1157 3257 significantur
1179 3176 1251 3238 dira
1281 3186 1317 3239 et
1346 3180 1474 3243 atrocia

357 3272 451 3347 salsa,
468 3292 526 3353 per
545 3291 630 3351 quae
646 3288 746 3333 omne
762 3290 875 3333 verum
892 3279 928 3333 et
944 3271 1069 3333 bonum
1086 3269 1191 3333 Verbi
1206 3280 1241 3333 et
1257 3270 1335 3333 inde
1351 3270 1472 3337 Eccle-

357 3368 426 3430 siae
449 3356 656 3429 destructufn
679 3374 751 3427 est:
786 3364 877 3445 quod
907 3365 1037 3427 dicatur
1069 3363 1218 3428 “talenti
1248 3364 1391 3447 pondo‚’'
1420 3376 1473 3431 est

357 3462 434 3543 quia
463 3457 630 3522 talentum
653 3468 726 3521 erat
750 3458 935 3521 maximum
958 3458 1091 3539 pondus
1112 3458 1245 3539 argenti
1275 3467 1310 3521 et
1340 3479 1473 3543 quoque

357 3554 437 3626 auri,
450 3562 485 3615 et
504 3572 563 3634 per
580 3557 786 3633 “argentum
796 3551 810 3575 ”
826 3551 1033 3632 significatur
1045 3570 1170 3626 verum,
1184 3560 1219 3615 et
1231 3572 1291 3633 per
1304 3555 1324 3584 ‘⁸
1335 3573 1450 3617 aurum
1458 3553 1473 3579 ”

358 3650 494 3721 bonum,
519 3655 553 3709 et
583 3646 616 3708 in
646 3646 804 3727 opposito
826 3664 926 3707 sensu
948 3644 1068 3707 falsum
1098 3654 1133 3708 et
1163 3644 1288 3708 malum
1314 3642 1361 3727 (n.
1384 3647 1471 3730 211).

359 3740 459 3823 Quod
483 3740 613 3803 dicatur
635 3740 726 3821 quod
751 3740 910 3821 “grando
933 3739 1147 3803 descenderit
1179 3740 1222 3802 de
1245 3738 1349 3803 Caelo
1374 3762 1473 3824 super

357 3833 539 3909 homines‚’'
557 3844 609 3897 est
628 3832 811 3905 secundum
830 3834 1055 3915 apparentias,
1075 3853 1119 3897 ex
1138 3834 1256 3916 quibus
1274 3844 1309 3897 et
1331 3854 1376 3897 ex
1397 3854 1471 3899 cor·

356 3929 603 4009 respondentiis
630 3938 684 3991 est
713 3925 837 3990 Sensus
864 3927 982 3990 literae
1009 3925 1123 3991 Verbi.
1170 3926 1245 3991 Hoc
1274 3927 1381 3991 simile
1408 3939 1471 4003 est,

356 4026 442 4087 sicut
461 4024 550 4104 prius
568 4018 694 4085 dictum
714 4030 767 4083 est
786 4021 828 4084 de
845 4020 1011 4104 “plagis''
1026 4022 1116 4104 quod
1134 4041 1154 4084 e
1170 4020 1274 4085 Caelo
1292 4041 1352 4104 per
1366 4042 1472 4104 ange-

356 4117 408 4181 los
430 4136 529 4197 super
555 4116 708 4181 homines
734 4114 857 4178 effusae
883 4116 962 4189 sint,
985 4135 1061 4178 cum
1088 4125 1203 4178 tamen
1230 4125 1308 4178 sunt
1331 4136 1411 4179 vera
1436 4126 1471 4180 et

356 4212 446 4274 bona
471 4230 491 4273 a
518 4209 665 4273 Domino
687 4208 843 4283 demissa,
866 4229 953 4291 quae
978 4210 1067 4290 apud
1092 4209 1169 4273 illos
1192 4210 1246 4290 qui
1273 4208 1357 4271 inira
1381 4219 1471 4285 sunt,

356 4313 533 4368 vertuntur
551 4304 582 4366 in
603 4302 685 4365 salsa
703 4312 738 4365 et
757 4302 846 4366 mala
868 4302 913 4384 (n.
932 4302 1030 4385 673):
1054 4304 1157 4367 etiam
1176 4304 1208 4365 in
1228 4302 1358 4366 Mundo
1375 4305 1471 4386 spiri·

297 4418 300 4425 ·
355 4397 438 4461 tuali
463 4399 552 4480 apud
578 4397 665 4471 illos,
691 4416 768 4459 curn
794 4398 826 4459 in
854 4397 1035 4460 ratiociniis
1061 4418 1106 4461 ex
1132 4396 1223 4460 salsis
1249 4406 1368 4460 contra
1393 4418 1473 4462 vera

355 4490 461 4556 Verbi
477 4502 565 4569 sunt,
581 4500 720 4575 apparet
737 4492 938 4574 quandoque
954 4491 1085 4573 grando
1100 4491 1315 4565 descendere,
1332 4500 1368 4556 et
1383 4492 1472 4575 apud

356 4587 519 4668 quosdam
543 4586 680 4668 sulphur
702 4595 738 4649 et
760 4586 868 4667 ignis3
906 4594 940 4648 et
963 4586 1040 4668 quia
1065 4586 1148 4649 haec
1172 4594 1335 4667 apparent
1360 4584 1394 4648 in
1418 4596 1471 4650 at·
