3384 5400
543 780 621 831 car.
638 779 860 844 xv11.,vsas.
877 766 985 831 8.-u.
1001 780 1073 849 735.
1302 763 1362 847 631

309 945 406 1036 733.
432 959 517 1030 [Vm.
532 959 569 1028 8.]
596 949 840 1032 'Berisamum
853 947 1363 1029 nliieiieeeioinonoril'signi-

245 1041 324 1106 ficat
345 1041 485 1106 Verbum
496 1042 591 1124 apud
598 1039 672 1124 illos
683 1051 749 1123 pro
764 1042 879 1104 sanila
890 1040 1051 1124 agnitum,
1063 1049 1097 1103 et
1110 1049 1218 1103 tamen
1230 1039 1367 1102 realiter

242 1157 308 1199 non
329 1133 635 1220 agnitum-Quod
659 1155 717 1219 per
741 1135 945 1199 “Bestiam‘’
967 1133 1174 1217 significetur
1196 1134 1360 1208 Verbum,

242 1229 399 1295 videatur
413 1251 513 1313 supra
531 1229 577 1314 (n.
597 1229 696 1313 723);
720 1249 778 1313 per
795 1235 896 1293 “erat
915 1239 950 1294 et
969 1249 1036 1293 non
1056 1229 1139 1304 est,’'
1157 1228 1365 1311 significatur

241 1323 326 1388 illud
349 1345 410 1408 pro
432 1322 551 1388 sant'to
569 1325 733 1409 agnitum,
754 1335 788 1388 et
812 1335 926 1388 tamen
950 1324 1085 1388 realiter
1108 1345 1176 1387 non
1199 1325 1363 1406 agnitum.

244 1417 347 1502 Quod
360 1417 510 1483 Verbum
523 1419 611 1502 apud
625 1418 700 1482 illos
713 1417 820 1494 fuerit,
834 1429 869 1482 et
882 1439 1014 1502 quoque
1027 1421 1080 1493 sit,
1095 1428 1129 1482 et
1142 1428 1259 1482 tamen
1272 1418 1362 1500 quod

242 1534 312 1578 non
323 1515 377 1590 sit,
391 1524 510 1578 notum
526 1524 598 1577 est:
622 1513 818 1596 agnoscitur
829 1513 964 1595 quidem
981 1534 1042 1597 pro
1057 1511 1186 1588 sandto,
1199 1514 1276 1596 quia
1292 1514 1364 1595 agit

242 1610 286 1672 de
306 1607 463 1683 Domino,
478 1617 513 1672 et
529 1609 571 1671 de
588 1607 695 1690 Ipsius
710 1617 884 1690 potestate
896 1629 995 1690 super
1008 1607 1198 1671 Ecclesiam
1214 1615 1249 1670 et
1265 1627 1364 1689 super

242 1701 394 1778 Caelum,
404 1723 443 1766 ac
456 1702 500 1766 de
513 1701 613 1766 Petro
625 1713 660 1766 et
673 1701 920 1784 ejusclavibus;
941 1703 1001 1765 sed
1012 1722 1116 1785 usque
1129 1721 1196 1765 non
1204 1703 1363 1783 agnosci·

241 1807 307 1874 tur,
317 1818 384 1860 non
395 1798 483 1860 enim
497 1796 619 1878 legitur
630 1817 650 1858 a
662 1796 798 1879 populo,
807 1799 884 1879 quia
895 1796 939 1860 ab
951 1797 1009 1861 illo
1022 1796 1169 1878 legendo
1181 1796 1362 1870 detinetur,

240 1903 280 1956 et
294 1911 352 1978 per
364 1893 454 1954 varia
470 1911 489 1954 a
506 1889 683 1954 Monachis
698 1890 863 1972 figmenta
878 1891 1064 1965 abducitur,
1082 1892 1149 1953 imo
1165 1892 1268 1953 etiam
1284 1910 1362 1973 pro·

240 1985 396 2064 hibetur;
418 1995 452 2050 et
465 1984 680 2048 solummodo
692 1986 881 2048 custoditur
892 1987 925 2048 in
941 1985 1166 2059 bibliothecis,
1178 1994 1213 2047 et
1226 2004 1362 2048 monas-

240 2081 344 2154 teriis,
356 2080 410 2142 ubi
423 2081 525 2144 eiiam
536 2081 631 2161 pauci
644 2080 676 2142 id
690 2077 819 2162 legunt,
830 2081 939 2143 minus
951 2081 995 2142 ad
1008 2080 1143 2162 aliquod
1152 2097 1269 2142 verum
1282 2078 1363 2141 inibi

239 2175 425 2238 attendunt
438 2195 445 2251 ;
469 2173 531 2236 sed
543 2174 644 2238 modo
656 2175 699 2236 ad
712 2173 841 2238 dietata
854 2175 975 2257 Papae,
989 2193 1075 2256 quae
1087 2174 1203 2237 dicunt
1216 2174 1249 2236 in
1263 2173 1362 2236 simili

240 2265 423 2332 sanititate
439 2288 532 2331 esse:
553 2269 621 2332 imo
636 2269 772 2351 quando
787 2289 831 2332 ex
848 2271 950 2333 corde
962 2269 1153 2352 loquuntur,
1167 2270 1361 2349 vituperant

239 2373 275 2427 ct
287 2363 526 2445 blasphemant
540 2361 702 2426 Verbum.
747 2363 803 2426 Ex
820 2364 871 2426 his
886 2375 1044 2427 constare
1055 2373 1182 2445 potest,
1196 2362 1285 2444 quod
1303 2383 1362 2444 per

241 2457 420 2521 “Bestiam
440 2477 525 2539 quae
543 2467 615 2520 erat
639 2469 674 2522 et
697 2477 764 2521 non
784 2458 860 2522 est”
878 2456 1086 2540 significetur
1101 2456 1253 2520 Verbum
1271 2457 1360 2539 apud

239 2552 317 2616 illos
340 2571 400 2635 pro
423 2547 541 2614 sanfto
563 2553 727 2633 agnitum,
749 2561 784 2615 et
808 2563 924 2616 tamen
947 2551 1082 2615 realiter
1104 2571 1172 2614 non
1195 2551 1360 2632 agnitum.

299 2667 396 2738 734.
424 2648 489 2715 “ft
509 2653 614 2716 iatum
635 2659 688 2718 eet
705 2654 879 2718 arcendae·
899 2673 941 2718 or
959 2654 1083 2739 eterra,
1105 2658 1140 2717 ot
1156 2652 1187 2716 in
1207 2653 1362 2717 interitum

240 2744 364 2817 abieo,''
378 2744 546 2826 significat
562 2742 781 2807 deliberatum
801 2746 838 2807 in
856 2744 1067 2809 Consistoria
1085 2744 1216 2826 Papali
1229 2742 1359 2826 aliquo·

239 2837 301 2900 ties
324 2836 364 2900 de
384 2838 561 2919 receptione
581 2844 612 2898 et
634 2834 768 2898 leiiiane
793 2834 895 2899 Verbi
919 2858 942 2899 a
963 2836 1074 2899 Laicis
1102 2846 1135 2899 et
1165 2834 1278 2917 Vulgo,
1302 2837 1365 2900 sed

239 2932 507 3015 repellam—Per
524 2930 702 2994 “Bestiam
722 2950 807 3012 quae
826 2932 935 2994 lutura
953 2940 1005 2995 est
1024 2931 1237 3004 ascendere,'’
1255 2930 1359 3013 signi·

238 3024 358 3089 ficatur
374 3024 535 3101 Verbum,
553 3037 590 3090 ut
609 3045 707 3107 supra
726 3022 772 3107 (n.
792 3040 864 3107 723,
884 3025 961 3107 733)
976 3046 992 3103 ;’
1007 3045 1067 3107 per
1086 3025 1299 3105 “abyssum'’
1313 3046 1358 3088 ex

238 3140 306 3203 quo
324 3120 433 3183 futura
451 3130 503 3184 est
519 3119 713 3193 ascendere,
730 3138 798 3182 non
814 3120 903 3183 aliud
920 3118 1099 3202 significari
1115 3128 1240 3201 potest,
1257 3139 1358 3201 quam

242 3213 451 3295 Religiosum
475 3213 568 3288 illud,
592 3223 627 3276 et
658 3215 836 3296 praecipue
866 3215 921 3277 ubi
944 3214 1101 3276 Thronus
1131 3212 1201 3293 ejus
1223 3223 1287 3286 est,
1312 3215 1360 3277 ita

239 3307 484 3372 Consistorium
501 3307 643 3390 Papale;
667 3328 769 3371 causa
784 3309 873 3391 quod
890 3310 933 3372 sit
950 3306 1148 3389 “abyssus’'
1164 3318 1216 3370 est
1232 3307 1309 3389 quia
1324 3308 1357 3370 id

238 3402 328 3484 quod
348 3402 393 3465 ibi
410 3402 611 3475 decernitur,
628 3398 760 3484 spedtat
779 3403 963 3465 dominium
981 3420 1081 3482 super
1100 3397 1218 3464 sanita
1236 3400 1357 3465 Eccle-

238 3498 308 3559 siae
338 3507 372 3560 et
401 3516 501 3578 super
523 3494 673 3569 Caelum,
697 3496 744 3559 ita
770 3514 870 3578 super
892 3496 1005 3559 omnia
1028 3495 1165 3559 Domini
1193 3504 1228 3559 et
1252 3494 1357 3559 Verbi

239 3588 347 3671 Ipsius
367 3586 413 3671 (n.
433 3588 532 3672 729);
555 3589 638 3653 haec
658 3599 694 3652 ut
713 3588 907 3654 essentialia
925 3610 985 3673 pro
1003 3589 1069 3653 tine
1084 3590 1223 3664 habent,
1240 3599 1276 3653 at
1295 3590 1356 3653 bo-

238 3703 318 3745 num
336 3682 510 3747 Ecclesiae
527 3694 562 3746 et
581 3683 724 3746 salutem
735 3686 920 3747 animarum
939 3695 976 3748 ut
994 3684 1147 3747 formalia
1162 3703 1223 3765 pro
1239 3685 1357 3747 mediis

237 3779 281 3840 ad
294 3776 394 3841 finem
408 3800 415 3855 ;
435 3798 494 3859 per
508 3783 526 3809 ‘⁴
535 3777 626 3840 abire
639 3778 682 3840 ad
695 3779 866 3841 interitum
875 3778 891 3802 ’⁹
903 3776 1110 3859 significatur
1122 3778 1220 3859 rejici.
1255 3776 1356 3859 Quod

236 3871 415 3953 aliquoties
431 3872 475 3934 ibi
488 3871 710 3934 deliberatum
726 3874 769 3935 sit
785 3872 827 3935 de
840 3874 1035 3954 receptione
1047 3881 1081 3935 et
1095 3870 1240 3935 leitione
1252 3870 1357 3935 Verbi

236 3985 257 4027 a
277 3963 368 4028 laicis
387 3976 422 4029 et
437 3966 550 4047 vulgo,
564 3975 603 4029 at
619 3964 789 4046 rejeltum,
806 3986 851 4029 ex
869 3966 1021 4030 Historia
1037 3966 1278 4029 Ecclesiastica
1294 3985 1355 4029 no·

236 4068 309 4121 tum
333 4069 407 4136 est;
430 4061 638 4142 propositum
657 4062 760 4123 etiam
783 4071 835 4124 est
858 4082 879 4123 a
898 4060 1060 4124 Pontifice
1082 4062 1138 4143 qui
1161 4080 1248 4123 nunc
1268 4063 1356 4125 inter

238 4152 453 4217 Reformatos
469 4166 504 4217 et
520 4153 640 4217 beatos
654 4163 719 4228 est,
736 4155 779 4218 de
796 4176 864 4237 quo
882 4157 915 4217 in
934 4154 1185 4219 continuatam
1200 4155 1241 4217 de
1253 4154 1355 4217 Mun-

236 4248 279 4311 da
295 4246 478 4327 Spirituali
492 4246 538 4330 (n.
557 4246 622 4330 59),
636 4249 696 4311 sed
712 4268 779 4312 non
796 4259 1013 4332 acceptatum
1028 4270 1035 4325 ;
1059 4260 1095 4313 et
1111 4250 1273 4331 imprimis
1289 4250 1353 4314 hoc

236 4353 355 4405 notum
374 4352 426 4405 est
450 4363 493 4405 ex
514 4342 614 4406 Balla
638 4342 842 4425 Uargrenitus,
863 4354 898 4407 et
922 4353 1096 4427 praeterea
1118 4364 1164 4407 ex
1183 4344 1352 4409 Conciliis.

294 4458 391 4528 735.
421 4444 484 4507 “fe
503 4445 694 4509 mirabuntur
713 4445 886 4509 habitantes
906 4465 1001 4527 rupee
1028 4453 1126 4520 torre,
1149 4466 1276 4530 quaeum
1296 4467 1355 4511 aaa

235 4534 353 4615 rerrpie
365 4536 483 4598 nemine
498 4536 528 4597 ia
538 4535 624 4599 libro
635 4536 711 4598 ntae
727 4557 746 4597 a
761 4536 937 4599 tardatione
948 4536 1058 4609 munii,
1073 4538 1206 4601 miratu
1217 4536 1353 4601 Bestiam

235 4642 316 4705 queo
330 4630 403 4687 orat
414 4632 448 4687 ot
467 4644 525 4687 aaa
546 4632 605 4698 ert,
621 4632 756 4688 ettam
770 4626 857 4698 ert,''
871 4626 1040 4708 significat
1055 4626 1354 4707 obstupescentiam

235 4716 368 4779 illoram
384 4716 474 4798 quie
487 4716 655 4799 Relrgr'aso
672 4718 728 4781 ille
747 4728 833 4794 suat,
850 4740 960 4782 omnes
978 4719 1038 4801 qai
1052 4718 1094 4781 ab
1113 4720 1354 4784 restauratione
