3384 5400
508 690 588 741 cnr.
605 691 691 755 xvc,
708 691 810 742 runs.
831 692 957 741 los-N.
972 677 1044 760 694.
1276 694 1335 762 597

217 861 322 926 homo
341 881 409 925 non
428 860 535 944 possit
551 863 704 943 cogitare
722 881 821 944 supra
843 882 890 937 se,
910 862 971 925 sed
992 862 1076 924 inlra
1099 883 1146 936 se,
1165 863 1336 944 immergit

217 958 307 1019 enim
339 966 488 1018 mentem
519 957 552 1018 in
582 957 750 1038 proprium
778 957 927 1039 corporis
957 957 1025 1019 sui:
1056 958 1134 1020 inde
1164 957 1268 1020 homo
1296 956 1336 1022 lit

215 1051 407 1114 successive
426 1051 608 1128 sensualis3
632 1060 667 1113 et
686 1051 788 1114 homo
811 1050 975 1114 sensualis
994 1050 1142 1133 loquitur
1161 1062 1245 1115 tono
1263 1051 1335 1115 alto

215 1156 252 1208 et
279 1144 371 1208 elato
397 1144 439 1208 de
466 1145 643 1207 mundanis
670 1155 705 1208 et
732 1144 894 1220 civilibus,
921 1145 980 1207 sed
1008 1164 1076 1207 non
1103 1157 1218 1227 potest
1245 1146 1336 1229 loqui

215 1241 259 1303 de
283 1239 358 1302 Deo
381 1250 416 1302 et
439 1239 482 1301 de
505 1239 645 1314 Divinis,
670 1240 731 1301 nisi
758 1238 868 1302 solum
903 1259 948 1302 ex
983 1242 1153 1302 memoria.
1204 1239 1239 1303 Si
1262 1261 1336 1323 per·

215 1353 300 1397 sona
326 1333 433 1396 civilis
459 1345 522 1408 est,
546 1335 702 1414 agnoscit
729 1343 884 1396 naturam
910 1353 971 1415 pro
997 1335 1170 1409 creatrice,
1195 1343 1231 1398 et
1257 1355 1336 1417 pro·

215 1431 324 1510 priam
339 1427 562 1510 'prudentiam
590 1447 651 1509 pro
676 1427 924 1508 gubernatrice,
949 1438 985 1491 et
1011 1427 1122 1490 Deum
1149 1439 1273 1509 negat3
1307 1430 1336 1491 si

215 1525 320 1586 homo
349 1521 507 1585 sacerdos
537 1532 600 1596 est,
632 1520 778 1603 loquitur
807 1521 850 1583 de
883 1521 959 1584 Deo
988 1532 1024 1585 et
1054 1523 1096 1584 de
1130 1522 1260 1585 Divinis
1289 1542 1334 1586 ex

214 1618 388 1692 memoria,
405 1618 507 1680 etiam
526 1625 609 1679 tono
626 1614 698 1678 alto
717 1626 752 1678 et
771 1615 874 1691 elato,
893 1617 953 1678 sed
972 1616 1073 1679 corde
1092 1637 1209 1699 parum
1228 1619 1336 1682 credit

214 1709 284 1774 illa.

276 1803 380 1884 693·
408 1801 473 1864 ‘tr
497 1821 555 1864 noo
581 1800 778 1882 neutrorum
799 1803 877 1864 doro
897 1800 960 1883 ipsi
974 1801 1144 1884 plorinm,’'
1165 1802 1334 1884 significat

213 1893 487 1977 quodpropterea
498 1914 560 1956 non
571 1895 705 1976 possint
715 1894 829 1976 aliqua
835 1895 910 1978 fido
922 1896 1063 1976 recipere
1072 1895 1162 1977 quod
1172 1895 1335 1959 Dominus

212 1989 263 2052 sit
283 1989 372 2052 Deus
397 1987 493 2054 Caeli
510 1998 543 2052 et
570 1988 701 2063 Terrae,
723 1988 823 2051 etzom
844 1989 956 2070 quoad
974 1988 1178 2066 Humanum,
1202 1989 1338 2053 tametsi

221 2081 365 2148 Verbum
390 2083 431 2147 id
449 2083 653 2147 docet—Per
676 2089 773 2145 “non
795 2085 990 2165 resipiscere
998 2083 1012 2106 '’
1035 2083 1243 2164 significatur
1266 2105 1334 2148 non

213 2178 373 2242 recedere
396 2197 417 2240 a
439 2177 546 2253 malie,
570 2178 630 2240 sed
657 2196 793 2240 manere
818 2179 851 2240 in
874 2177 961 2255 illls;
991 2187 1028 2240 et
1050 2199 1109 2260 per
1132 2184 1231 2240 “non
1253 2168 1334 2243 dare

214 2272 286 2354 Ipsi
304 2271 446 2353 gloriam
454 2271 468 2296 '¹
487 2271 694 2352 significatur
715 2291 784 2333 non
807 2270 874 2334 fide
895 2273 1044 2354 recipere
1059 2272 1148 2354 quod
1168 2271 1334 2336 Dominus

213 2369 261 2429 sit
280 2365 372 2428 Deus
391 2365 484 2428 Caeli
505 2376 542 2429 et
565 2365 699 2440 Terrae,
720 2365 784 2428 hoc
807 2367 897 2428 enim
918 2376 972 2429 est
995 2366 1063 2448 Ipsi
1080 2365 1223 2447 gloriam
1242 2366 1333 2430 dare.

215 2459 318 2542 Quod
338 2460 503 2524 Dominus
521 2462 565 2524 sit
582 2458 673 2523 Deus
689 2458 783 2524 Caeli
800 2471 836 2523 et
855 2459 992 2536 Terrae,
1008 2462 1111 2523 docet
1130 2460 1207 2543 Ipse
1225 2463 1333 2524 mani·

213 2556 302 2618 ‘cate
427 2648 535 2713 (Marti.
546 2649 636 2698 xxviii.
651 2649 696 2710 18;
716 2648 778 2715 Joh.
789 2648 844 2698 xiii.
857 2661 888 2710 3;
905 2663 963 2713 cup.
973 2649 1037 2701 xvii.
1049 2662 1072 2709 o,
1084 2650 1126 2713 3);

215 2797 290 2852 tum
309 2789 399 2871 quod
418 2788 517 2852 Pater
535 2798 570 2852 et
590 2788 667 2871 Ipse
686 2808 787 2851 unum
806 2789 874 2852 sint

296 2935 372 3001 (Joh.
383 2950 409 2986 x.
421 2948 468 2997 30;
486 2950 543 2998 cap.
555 2932 618 2987 xiil¹l
627 2900 675 2996 43:
693 2950 751 2999 cap.
762 2936 815 2986 xiv.
827 2920 908 2996 6-'113
925 2950 983 3000 cop.
994 2938 1048 2987 xvi.
1062 2948 1109 2997 15;
1125 2947 1154 2987 et
1164 2935 1253 3000 allb03

214 3086 252 3141 et
271 3076 405 3158 insuper
424 3073 586 3139 Doctrina
605 3074 779 3139 Ecclesiae
797 3076 900 3139 docet
918 3075 1008 3159 quod
1027 3075 1185 3139 Divinum
1204 3084 1239 3139 et
1260 3076 1333 3139 Hu-

215 3190 354 3235 manum
373 3172 439 3233 sint
459 3169 538 3234 Una
556 3170 712 3245 Persona,
733 3172 826 3234 unita
844 3173 930 3235 sicut
949 3170 1077 3234 Anima
1095 3180 1130 3234 et
1149 3169 1290 3253 Corpus.

277 3271 382 3353 694.
402 3279 486 3346 [Vm.
502 3280 554 3345 ro]
575 3276 594 3305 ¹¹
602 3268 912 3352 erqoe‘rrurlnqolor
922 3267 1168 3349 offuditplriolom
1180 3288 1268 3331 suom
1281 3286 1336 3331 w·

212 3378 275 3441 per
294 3360 431 3421 thronum
451 3358 612 3429 Bortinel'
627 3358 795 3439 significat
811 3356 977 3441 influxum
991 3380 1013 3421 a
1026 3358 1171 3420 Domino
1185 3357 1334 3439 infidem

215 3451 465 3515 illorum—Per
478 3451 567 3533 quod
582 3449 766 3532 “Angelus
778 3450 930 3514 effuderit
944 3449 1089 3534 phialam
1104 3449 1221 3512 suam'’
1233 3451 1335 3531 signi-

216 3545 346 3622 ficatur,
370 3545 422 3609 hic
447 3554 483 3609 ut
514 3546 613 3628 prius,
648 3546 811 3608 influxus:
846 3556 881 3608 et
904 3565 965 3626 per
988 3546 1176 3607 “thronum
1199 3543 1334 3607 Bestiae

216 3638 423 3722 significatur
446 3640 501 3702 ubi
524 3637 597 3702 sola
617 3638 716 3703 Fides
735 3650 875 3720 regnat;
900 3658 958 3719 per
978 3637 1189 3701 “thronum”
1207 3638 1333 3718 signifi·

217 3744 313 3799 catur
335 3752 486 3816 regnum,
510 3744 546 3797 et
570 3754 629 3815 per
652 3732 828 3796 “Bestiam
837 3732 853 3756 '’
876 3732 949 3795 sola
972 3732 1072 3795 Fides
1098 3732 1144 3814 (n,
1170 3733 1239 3813 567,
1263 3732 1333 3812 576,

219 3844 290 3909 577,
312 3842 381 3909 594,
400 3826 473 3903 601,
489 3826 578 3909 660).
622 3825 723 3908 Quod
743 3826 934 3890 “thronus''
950 3828 1052 3889 etiam
1072 3828 1202 3889 dicatur
1220 3825 1263 3887 de
1281 3846 1333 3887 re·

218 3924 343 4005 gimine
363 3921 441 3985 mali
460 3931 494 3985 et
513 3920 596 3996 falsi,
616 3932 711 4003 patet
730 3942 774 3983 ex
793 3921 863 3984 his:

270 4068 383 4118 “Draco
395 4068 468 4118 dedit
483 4068 592 4153 Pectine
609 4068 733 4145 virtutem
744 4083 821 4118 suam
838 4077 865 4118 et
882 4068 1022 4119 Thronum
1033 4084 1122 4125 suum.
1135 4077 1162 4118 et
1173 4076 1333 4131 potestatem

270 4133 772 4261 ··noviffinifiii'i‘ii¹lilm,
792 4200 836 4248 uu
854 4198 979 4249 Thronus
997 4200 1111 4249 Satanae
1128 4197 1190 4248 ων·
1207 4197 1293 4261 (apoc.
1305 4198 1332 4248 n.

270 4266 608 4457 “Vidffiijffivlirsliiugfium
618 4328 720 4378 Throni
731 4326 845 4393 projedii
856 4338 928 4387 sunt,
938 4340 965 4378 et
975 4330 1109 4393 Antiquos
1121 4328 1231 4378 Dierum
1243 4328 1313 4378 sedit
1320 4326 1334 4347 ''

270 4460 288 4483 ‘¹
296 4458 422 4509 Evertam
434 4431 572 4509 Thronurir
585 4474 736 4522 regnorum,
750 4468 777 4510 et
792 4460 873 4509 robur
884 4474 1027 4523 regnorum
1044 4460 1164 4522 gentium
1171 4458 1186 4478 ''
1198 4457 1293 4523 (Hagg.
1305 4458 1332 4509 ii.

268 4526 465 4717 (Ιὲίῑιιέζὲξοὶίοτ
479 4589 589 4654 “Super
599 4589 690 4640 stellas
702 4590 826 4640 exaltabo
838 4589 978 4642 Thronum
993 4604 1083 4640 meum
1093 4590 1107 4609 ”
1119 4588 1203 4654 (Eros.
1217 4588 1270 4639 xiv.
1283 4588 1331 4651 13).
