3384 5400
530 704 1011 757 cne.xx.-n1auonna1arn.
1112 680 1120 707 ¹
1270 705 1329 773 775

211 876 306 967 8⁷³·
338 878 403 943 His
418 877 570 961 adjiciam
586 878 669 941 haec
686 874 961 941 Mauoaamarn
974 896 1027 938 :-

245 1030 385 1103 Quodam
408 1048 495 1087 mane
517 1028 706 1102 experredlus
727 1045 745 1084 a
795 1028 878 1099 quod
896 1044 982 1083 arnor
999 1027 1143 1083 oriundus
1161 1043 1180 1083 a
1198 1027 1330 1085 Domino

211 1128 319 1167 somno
328 1113 390 1167 vidi
399 1114 476 1167 duos
488 1113 611 1184 angelos
622 1112 745 1166 descen·
795 1119 830 1163 ut
839 1108 918 1171 Sole,
928 1110 968 1164 sit
977 1109 1059 1164 calor
1066 1108 1146 1167 vitae
1155 1110 1328 1180 angelorum

210 1194 317 1248 dentes
332 1209 349 1247 e
362 1192 461 1255 Caelo,
474 1210 567 1247 unum
585 1208 603 1247 e
621 1192 746 1246 meridie
795 1199 827 1244 et
845 1190 1011 1252 hominum,
1024 1190 1067 1244 ita
1080 1190 1143 1245 vita
1160 1205 1280 1254 eorum;
1299 1202 1330 1245 et

210 1272 303 1336 Caeli,
337 1284 369 1329 et
401 1274 528 1328 alterum
560 1290 598 1328 ex
630 1272 746 1327 oriente
795 1270 877 1340 quod
890 1270 1091 1326 derivationes
1107 1270 1332 1327 amorisdican·

210 1352 301 1417 Caeli,
313 1363 474 1424 utrumque
490 1353 520 1406 in
533 1352 667 1408 curribus
678 1352 746 1422 qui·
795 1359 846 1404 tur
857 1349 1046 1413 affectiones:
1065 1360 1096 1405 et
1107 1352 1190 1421 quod
1209 1368 1262 1422 per
1276 1352 1331 1407 has

209 1434 266 1489 bus
273 1434 386 1505 alligati
393 1434 555 1504 erantequl
565 1434 633 1488 albi.
671 1432 746 1488 Cur·
796 1432 999 1501 producantur
1017 1432 1223 1501 perceptiones
1241 1433 1331 1487 etsie

210 1530 262 1569 rus
282 1514 386 1586 inquo
401 1513 506 1570 vectus
523 1524 570 1570 est
587 1514 711 1585 angelus
728 1530 746 1569 e
794 1512 1009 1583 cogitationes:
1025 1512 1329 1583 “exquoduitquod

210 1595 336 1651 meridie
358 1595 449 1659 Caeli,
471 1596 647 1667 splendebat
668 1595 746 1650 sicut
795 1592 942 1662 sapientia
950 1609 988 1647 ex
996 1592 1112 1664 origine
1120 1609 1174 1648 sua
1182 1592 1329 1649 sitamor:

209 1692 248 1730 ex
257 1687 400 1747 argento:
417 1686 449 1731 et
457 1692 560 1731 curnis
570 1677 599 1730 in
608 1691 669 1747 quo
678 1692 746 1731 vec-
794 1682 1013 1743 consequenter
1030 1674 1111 1743 quod
1133 1674 1278 1745 cogitatio
1299 1674 1329 1728 in

208 1768 261 1811 tus
273 1766 323 1811 est-
331 1758 455 1828 angelus
470 1773 508 1811 ex
526 1758 641 1812 oriente
653 1756 745 1819 Caeli,
795 1752 911 1824 origine
919 1769 974 1808 stra
982 1753 1022 1809 sit
1029 1752 1150 1809 alledlio
1160 1754 1238 1809 illius
1246 1770 1330 1811 arno·
1354 1750 1360 1765 “

209 1837 388 1907 splendebat
399 1838 478 1893 sicut
489 1854 526 1892 ex
537 1853 627 1899 auro:
646 1847 677 1892 et
693 1836 751 1891 ha-.
796 1834 852 1888 ris:
870 1835 989 1904 etquod
999 1834 1092 1889 videri
1102 1834 1330 1905 possitexderi·

208 1918 306 1972 benae
330 1932 406 1987 quas
435 1918 579 1972 tenebant
608 1918 746 1972 manibus
794 1914 1328 1977 nationibusinsuoordinelustratis.

208 1997 366 2068 fulgebant
378 1998 508 2053 sicut1ex
525 1998 592 2052 luce
609 1998 746 2053 flammea
795 1994 1329 2067 quodcogitationonaliudsitquam

209 2093 343 2133 aurorae.
381 2077 428 2132 Ita
445 2078 519 2132 mihi
531 2078 587 2133 visi
599 2088 671 2133 sunt
682 2078 745 2133 bini
795 2074 892 2130 lomna
910 2074 1092 2139 aliedlioniss
1119 2086 1150 2131 et
1169 2078 1250 2147 quod
1270 2078 1329 2133 hoc

209 2158 253 2213 illi
266 2158 395 2228 angelie
413 2158 593 2229 longinquo:
610 2160 664 2215 sed
676 2175 744 2214 cum
796 2156 953 2218 nesciatur,
977 2157 1048 2227 quia
1074 2157 1273 2228 cogitationes
1297 2158 1329 2211 in

210 2238 336 2310 propius
352 2240 520 2300 veniebant.
541 2255 600 2293 non
621 2255 745 2309 appare·
795 2236 861 2292 luce
879 2238 1023 2299 suntsed
1040 2234 1214 2293 affectiones
1232 2237 1262 2291 in
1281 2254 1330 2293 ca·

208 2321 282 2374 bant
301 2320 331 2373 in
349 2335 445 2381 curru,
458 2321 511 2374 sed
530 2320 560 2373 in
577 2336 633 2374 sua
650 2319 746 2374 lomna
795 2317 866 2379 lore,
876 2318 998 2388 etquod
1010 2317 1079 2372 ideo
1090 2334 1181 2387 super
1192 2318 1329 2389 cogitati·

208 2399 346 2471 angelica
357 2415 433 2470 quae
451 2411 498 2455 est
516 2400 654 2455 humana
691 2399 745 2455 llle
795 2414 869 2453 ones
877 2396 1330 2469 relledlaturmonautemsuper

209 2480 262 2551 qui
287 2481 327 2534 ab
350 2479 466 2535 oriente
490 2478 573 2535 Caeli
596 2480 688 2541 venit,
713 2480 744 2534 ln
794 2476 983 2541 affefliones3
1001 2478 1140 2533 similiter
1155 2488 1189 2532 ut
1206 2478 1241 2533 fit
1257 2494 1328 2533 cnm

207 2570 295 2616 veste
304 2560 481 2630 splendente
490 2576 644 2630 purpurea,
654 2570 686 2615 et
696 2561 744 2616 ille
794 2575 871 2614 sono
900 2570 931 2613 et
960 2574 1029 2613 cum
1060 2559 1186 2629 loquela
1238 2558 1328 2631 Quod

208 2639 745 2712 quiameridieCaell,investesplen-
795 2640 940 2712 cogitatio
970 2654 1030 2694 non
1061 2640 1102 2693 sit
1131 2639 1212 2693 aliud
1237 2655 1328 2711 quam

208 2723 283 2776 dida
303 2721 504 2793 hyacinthina
542 2721 583 2776 Hi
601 2738 670 2777 cum
689 2724 745 2777 sub
795 2719 1176 2782 lormaalledlionis.etiam
1189 2720 1338 2788 illustrari*

209 2801 310 2858 Caelis
331 2802 361 2856 in
379 2801 567 2857 inlerioribns
584 2812 678 2865 erant.
695 2817 745 2858 ac-
795 2811 896 2872 potest
914 2817 966 2871 per
984 2802 1141 2872 loquelam,
1154 2802 1235 2872 quod
1255 2802 1329 2856 haec

208 2883 348 2938 currebat
365 2899 442 2937 unus
460 2883 498 2936 ad
516 2883 652 2945 alterum,
667 2883 744 2938 sicut
795 2897 855 2936 non
873 2881 955 2936 aliud
972 2882 1013 2936 sit
1025 2897 1115 2952 quam
1134 2881 1231 2937 lorma
1248 2881 1329 2944 soni:

208 2962 431 3018 aemularentur
454 2963 521 3033 quis
545 2963 633 3032 prior,
657 2972 688 3018 et
710 2979 745 3018 se
793 2961 891 3018 simile
907 2962 998 3017 etiam
1011 2971 1065 3024 est,
1078 2962 1148 3033 quia
1160 2979 1251 3018 sonus
1263 2979 1329 3018 cor-

209 3053 319 3100 mutno
330 3042 459 3112 amplexi
471 3052 503 3097 et
514 3042 640 3098 osculati
651 3053 732 3098 sunt.
794 3043 956 3112 respondet
975 3039 1136 3104 affectioni
1156 3053 1188 3097 et
1209 3043 1330 3113 loquela

244 3122 360 3178 Audivi
381 3122 462 3192 quod
487 3121 548 3177 bini
574 3123 616 3177 illi
637 3124 743 3195 angeli,
794 3122 978 3194 cogitationi.
990 3137 1083 3192 quare
1101 3121 1328 3185 aliedliosonat

208 3205 282 3259 dum
302 3203 334 3257 in
349 3203 464 3258 mundo
475 3202 745 3265 vixeruntluerint
795 3202 1126 3274 etcogitatioloquitur.
1161 3201 1327 3258 Hocetiam

208 3283 343 3340 amicitia
355 3283 494 3338 interiore
503 3281 672 3353 conjunctu
690 3285 744 3339 sed
796 3293 896 3354 potest
914 3283 1102 3354 perspicuum
1121 3282 1192 3346 lieri,
1204 3284 1329 3338 cumdi-

209 3379 292 3418 nunc
316 3377 395 3418 unus
424 3363 454 3416 in
482 3363 574 3418 Caelo
597 3364 743 3427 orientali,
794 3365 880 3426 citur,
900 3363 1010 3418 ‘Aufer
1031 3378 1139 3418 sonum
1160 3379 1180 3418 a
1200 3363 1327 3434 loquela,

209 3446 288 3501 alter
309 3443 340 3498 in
362 3442 454 3499 Caelo
475 3444 670 3500 meridionali.
708 3441 744 3500 In
795 3461 867 3498 nune
885 3444 973 3498 detur
990 3442 1102 3514 aliquid
1121 3444 1270 3514 loquelae:
1289 3445 1328 3499 si·

210 3525 304 3581 Caelo
324 3523 461 3578 orientali
480 3534 550 3579 sunt
569 3525 620 3594 qui
641 3540 660 3579 a
682 3524 744 3580 Do-
794 3521 1199 3579 militerauleraffedlionem
1216 3526 1328 3596 acogi·

209 3605 294 3660 mino
316 3603 346 3657 in
368 3619 469 3658 amore
489 3615 575 3667 sunt:
601 3604 631 3658 in
651 3604 745 3661 Caelo
794 3605 918 3666 tatione,
931 3619 1002 3658 num
1018 3603 1106 3658 detur
1117 3604 1228 3675 aliquid
1246 3606 1328 3676 cogi·

207 3696 311 3740 autem
321 3683 507 3738 meridionali
517 3685 568 3755 qui
581 3701 600 3739 a
613 3685 745 3742 Domino
794 3685 934 3740 tationis!
971 3683 1045 3739 Inde
1055 3700 1135 3740 nunc
1145 3695 1235 3755 patet,
1245 3687 1327 3756 quod

208 3767 239 3820 in
252 3764 402 3835 sapientia
413 3774 492 3819 sunt.
794 3781 879 3821 arnor
887 3765 927 3820 sit
939 3780 1029 3820 omne
1041 3765 1212 3836 sapientiae,
1223 3780 1327 3822 conse·

245 3845 294 3900 llli
318 3854 478 3916 postquam
496 3844 678 3915 aliquamdiu
700 3847 745 3901 lo-
793 3855 922 3916 quenter
932 3845 1014 3916 quod
1026 3844 1156 3901 essentia
1168 3845 1326 3902 Caelorum

206 3925 271 3980 enti
286 3934 358 3978 sunt
370 3925 408 3978 de
421 3924 585 3995 magnificis
604 3925 634 3979 in
647 3925 744 3982 Caelis
793 3926 834 3981 sit
844 3941 937 3988 amor,
950 3933 982 3980 et
993 3926 1074 3996 quod
1090 3926 1251 3982 existentia
1263 3926 1327 3982 illo-

208 4005 281 4068 suis.
305 4003 390 4058 venit
419 4005 450 4058 in
478 4020 647 4060 sermonem
679 4006 744 4061 illo·
794 4005 1073 4076 rumsitsapientia;
1087 4023 1139 4062 seu
1149 4007 1236 4069 idern,
1244 4008 1327 4077 quod

208 4101 276 4139 rum
301 4083 369 4146 boc,
392 4083 472 4138 Num
493 4083 617 4139 Caelum
639 4085 669 4140 in
690 4101 745 4143 sua
794 4085 877 4140 Caeli
894 4088 956 4140 sint
973 4102 1011 4141 ex
1030 4085 1140 4142 Divino
1159 4087 1280 4150 Amore,
1295 4097 1327 4142 et

208 4164 343 4221 essentia
353 4163 394 4219 sit
403 4164 506 4225 Amor.
515 4165 563 4220 vel
577 4181 648 4220 num
659 4165 744 4237 Sapl·
793 4166 876 4236 quod
894 4169 1022 4222 excitant
1033 4184 1071 4223 ex
1090 4166 1201 4222 Divino
1214 4168 1326 4223 Amore

207 4247 301 4301 entia.
332 4243 743 4317 .Conveniebantillic0quod
794 4264 848 4318 per
858 4247 997 4303 Divinam
1008 4247 1207 4319 Sapientiam:
1225 4265 1325 4320 quare,

208 4341 305 4380 unum
322 4324 364 4379 sit
380 4324 510 4387 alterius.
529 4327 582 4380 sed
603 4328 688 4397 eujus
705 4329 743 4384 ab
794 4339 827 4383 ut
852 4329 934 4398 prius
954 4327 1068 4384 didlum
1090 4339 1258 4392 estonum
1280 4341 1326 4386 est

206 4404 325 4476 origine
338 4404 532 4460 ventilabant.
792 4409 942 4464 alterius”

245 4485 301 4542 Ille
313 4484 449 4556 Angelus
462 4485 514 4554 qui
532 4484 654 4542 eCaelo
664 4488 742 4558 sapi-
828 4487 914 4544 Tunc
934 4489 1014 4560 apud
1039 4504 1087 4544 me
1109 4500 1173 4545 erat
1194 4490 1326 4546 novitius

206 4566 308 4620 entiae
338 4575 412 4627 erat,
438 4565 587 4634 quaesivit
614 4567 741 4622 alterum
792 4569 922 4638 spiritus,
935 4569 986 4640 qui
1005 4571 1129 4626 audiens
1147 4571 1221 4628 haec
1236 4571 1326 4626 inter·

207 4645 314 4718 “Quid
352 4642 481 4710 Am0r;”
523 4656 553 4700 et
589 4647 742 4718 respondit
779 4649 923 4723 rogabat,
952 4667 1023 4705 num
1054 4651 1150 4708 simile
1181 4663 1228 4710 est
1257 4669 1324 4707 cum
