3384 5400
646 773 903 836 APOCALYPSIS.

518 1423 801 1522 CAPUT
863 1346 1036 1520 XVI,

346 1840 381 1914 T
410 1839 531 1914 audivi
559 1863 688 1914 vocem
719 1863 891 1936 magnam
925 1863 948 1912 e
974 1836 1133 1934 Templo
1156 1837 1337 1912 dicentem

220 1837 345 2116 E
373 1969 514 2051 septem
530 1952 693 2052 Angelis,
710 1953 765 2027 lte
783 1968 821 2027 et
836 1952 1010 2027 effundite
1027 1951 1163 2049 phialas
1176 1953 1249 2026 irae
1263 1952 1338 2027 Dei

374 2069 410 2141 in
427 2084 569 2142 terram.

268 2207 300 2256 2.
337 2183 385 2256 Et
408 2182 520 2256 abivit
545 2181 690 2279 primus,
714 2197 753 2256 et
775 2181 902 2256 effudit
927 2180 1083 2278 phialam
1105 2205 1209 2254 suam
1229 2205 1339 2278 super

215 2313 359 2379 terram,
375 2311 415 2370 et
434 2293 569 2370 nuum
589 2312 646 2370 est
666 2295 766 2370 ulcus
784 2295 917 2370 malum
938 2312 976 2370 et
996 2295 1145 2369 noxium
1167 2296 1203 2368 in
1221 2295 1337 2369 homi-

218 2410 323 2484 nibus
336 2409 550 2484 habentibus
563 2408 809 2484 charadlerem
828 2410 982 2492 Bestiae,
995 2427 1034 2483 et
1046 2409 1243 2508 imaginem
1260 2411 1339 2509 ejus

217 2524 458 2600 adorantibus.

270 2663 302 2735 3.
338 2640 386 2714 Et
415 2639 595 2715 secundus
626 2639 793 2739 Angelus
822 2640 949 2715 effudit
982 2639 1137 2738 phialam
1167 2665 1270 2715 suam
1301 2641 1338 2715 in

219 2780 327 2839 mare,
351 2771 390 2830 et
408 2752 524 2829 factus
545 2770 601 2830 est
620 2756 769 2853 sanguis
794 2772 968 2853 tanquam
993 2756 1135 2839 mortui,
1158 2772 1197 2829 et
1219 2756 1339 2829 omnis

218 2870 338 2944 anima
355 2871 436 2943 viva
455 2886 595 2945 mortua
612 2887 668 2945 est
685 2871 720 2943 in
739 2871 837 2945 maii.

268 3008 303 3077 4
338 2982 387 3057 Et
402 2984 526 3058 tertius
540 2983 707 3083 Angelus
720 2982 848 3058 effudit
864 2984 1019 3081 phialam
1032 3010 1136 3059 suam
1155 2985 1191 3057 in
1209 2984 1339 3059 fluvios

154 3130 158 3137 ·
185 3096 188 3101 ’
218 3098 308 3172 etin
326 3098 444 3172 sontes
460 3123 647 3195 aquarum,
666 3114 703 3172 et
723 3095 839 3173 sactus
857 3114 914 3172 est
930 3099 1088 3197 sanguis.

270 3214 302 3287 5.
337 3213 386 3285 Et
418 3213 539 3286 audivi
567 3212 754 3311 Angelum
774 3239 963 3310 aquarum
994 3213 1187 3297 dicentem,
1214 3213 1339 3311 Justus

219 3327 380 3401 Domine
397 3352 448 3410 es,
467 3327 541 3422 Qui
560 3327 627 3401 Est
643 3344 681 3402 et
698 3326 772 3423 Qui
792 3328 886 3410 Fuit,
904 3344 942 3402 et
960 3325 1128 3412 Sandlus,
1146 3328 1232 3425 quia
1249 3328 1340 3403 baec

212 3440 399 3540 judicasti;

268 3562 301 3631 6.
337 3556 434 3651 Quia
458 3556 671 3654 sanguinem
691 3554 911 3631 sannorum
938 3574 976 3632 et
1002 3557 1262 3655 Prophetasum
1284 3558 1336 3632 el-

218 3669 395 3753 luderunt,
416 3687 454 3744 et
479 3672 694 3770 sanguinem
721 3670 785 3745 illis
805 3672 936 3746 dedisti
961 3673 1096 3756 bibere,
1114 3673 1215 3771 digni
1241 3673 1339 3747 enim

217 3802 310 3858 sunt

269 3916 302 3989 7.
337 3899 385 3971 Et
409 3898 529 3973 audivi
555 3899 662 3973 alium
689 3927 736 3975 ex
759 3899 873 3974 Altari
899 3901 1091 3983 dicentem,
1113 3901 1232 3975 Etiam
1259 3901 1337 3974 Do-

218 4012 314 4087 mine
334 4012 438 4086 Deus
457 4014 714 4110 Omnipotens,
728 4040 814 4089 vera
831 4032 869 4090 et
880 4016 979 4114 justa
989 4016 1124 4114 judicia
1139 4014 1231 4090 Tua.

268 4130 302 4201 8.
338 4126 386 4201 Et
398 4144 546 4223 quartus
560 4126 725 4227 Angelus
739 4129 866 4203 effudit
878 4130 1033 4227 phialam
1046 4156 1150 4203 suam
1164 4131 1201 4203 in
1211 4128 1338 4214 solem,

218 4256 255 4315 et
266 4240 390 4315 datum
409 4259 465 4314 est
482 4242 528 4315 illi
543 4258 646 4317 aestu
662 4242 823 4341 affligere
842 4244 1009 4317 homines
1026 4269 1092 4341 per
1105 4244 1239 4342 ignem.

267 4378 301 4445 9.
337 4356 385 4428 Et
409 4372 665 4431 aestuaverunt
690 4356 856 4431 homines
881 4375 983 4431 aestu
1010 4383 1156 4456 magno,
1180 4375 1219 4432 et
1243 4358 1337 4433 blas·

218 4470 434 4566 phemarunt
453 4470 601 4544 Nomen
627 4470 699 4545 Dei
717 4470 885 4547 habentis
901 4488 1118 4567 potestatem
1135 4498 1245 4569 super
1262 4472 1336 4569 pla·
1488 4532 1499 4555 .

216 4608 282 4681 gas
300 4583 376 4664 has,
394 4600 432 4657 et
449 4609 522 4658 non
541 4586 766 4681 resipuerunt
783 4587 870 4660 dare
890 4586 962 4682 lpsi
979 4585 1140 4684 gloriam.

273 4720 326 4771 10.
363 4698 411 4770 Et
435 4699 581 4795 quintus
608 4699 775 4798 Angelus
792 4700 919 4775 effudit
934 4698 1090 4797 phialam
1110 4697 1249 4802 [suam]
1276 4728 1336 4775 su·
