3384 5400
316 643 379 726 768
636 648 882 705 arocutrrsrs
905 646 1114 705 navatam.

313 824 550 907 intelliguntur
573 823 605 885 in
629 842 755 904 genere
778 822 833 905 qui
856 822 887 884 in
911 821 1007 885 malis
1026 821 1136 904 quoad
1158 821 1263 885 vitam
1288 828 1377 895 sunt,
1395 829 1429 883 et

246 974 251 984 .
314 920 348 983 in
370 919 461 982 salsis
484 918 595 1000 quoad
618 914 805 979 doctrinam
827 916 873 997 (n.
893 915 990 998 841):
1023 918 1144 980 dicitur
1163 915 1356 980 “Diabolus
1379 936 1429 979 se·

314 1014 442 1076 ducens
464 1011 569 1086 illos,”
587 1021 623 1074 ut
646 1012 786 1074 sciretur
808 1011 899 1092 quod
922 1020 1012 1073 esset
1037 1010 1168 1088 Draco;
1200 1012 1276 1093 quia
1299 1010 1356 1074 ille
1379 1030 1429 1073 se·

314 1108 413 1170 duxit
448 1094 500 1187 (ut
533 1114 629 1187 patet
662 1126 682 1167 a
707 1125 792 1167 vers.
824 1120 853 1179 2,
881 1120 909 1183 3,
934 1120 963 1183 7,
987 1106 1018 1179 8,
1052 1104 1147 1185 hujus
1180 1104 1335 1186 capitis):
1375 1124 1431 1187 per

315 1208 504 1282 “stagnum
524 1199 634 1281 ignis'’
652 1200 685 1260 in
708 1199 798 1280 quod
816 1196 989 1279 conjectus
1013 1210 1076 1275 est,
1096 1198 1304 1281 significatur
1327 1198 1429 1261 Inser-
1477 1214 1479 1216 ’

315 1314 394 1357 num
421 1296 475 1357 ubi
505 1314 637 1356 amores
659 1292 732 1355 salsi
756 1303 834 1355 sunt
865 1302 900 1355 et
931 1292 1133 1374 cupiditates
1156 1292 1234 1357 mali
1260 1293 1308 1374 (n.
1333 1292 1429 1373 835);

314 1409 374 1471 per
397 1388 575 1451 “Bestiam
606 1396 642 1449 et
673 1386 1032 1469 Pseudoprophetam”
1051 1386 1282 1469 significantur
1313 1388 1368 1469 qui
1397 1389 1430 1450 in

314 1482 388 1545 sola
407 1482 491 1545 Fide
509 1492 545 1545 et
563 1482 634 1545 vita
652 1491 687 1544 et
705 1478 859 1543 doctrina
875 1492 963 1555 sunt,
981 1492 1052 1543 tarn
1071 1479 1198 1545 indocti
1214 1501 1312 1563 quam
1329 1479 1431 1555 dotti,

315 1596 375 1657 per
391 1582 410 1608 “
420 1576 570 1639 Bestiam
578 1574 593 1600 ''
607 1572 734 1638 indocti
750 1585 785 1637 et
802 1595 861 1655 per
876 1580 894 1605 ¹⁸
904 1574 1261 1657 Pseudoprophetam”
1277 1572 1367 1637 dotti
1385 1573 1431 1656 (n.

315 1668 414 1751 834);
446 1691 505 1751 per
529 1670 696 1733 “cruciari
726 1669 797 1731 dies
827 1678 863 1731 et
894 1665 1036 1731 noctes”
1058 1666 1266 1749 significatur
1293 1670 1431 1732 interius

315 1763 463 1827 infestari
482 1763 617 1845 jugiter,
636 1774 672 1826 et
695 1783 754 1845 per
774 1764 836 1825 “in
860 1762 994 1825 saecula
1016 1761 1225 1825 saeculorum
1235 1762 1249 1787 ”
1268 1764 1300 1825 in
1321 1774 1431 1826 aeter·

316 1877 405 1920 num.
450 1858 497 1921 Et
530 1860 608 1940 quia
636 1858 758 1920 dicitur
788 1857 878 1939 quod
909 1854 1081 1937 “conjecti
1112 1858 1179 1919 sint
1209 1858 1242 1919 in
1273 1868 1431 1939 stagnum

315 1952 403 2033 ignis
425 1962 460 2016 et
482 1951 677 2034 sulphuris,”
698 1962 734 2014 et
758 1972 817 2033 per
838 1951 872 2013 id
896 1949 1103 2031 significatur
1125 1952 1180 2015 ubi
1203 1972 1336 2014 amores
1358 1952 1432 2014 falsi

316 2056 351 2109 et
370 2048 571 2128 cupiditates
590 2046 668 2108 mali
688 2055 765 2107 sunt
784 2045 831 2126 (n.
851 2044 940 2127 835),
957 2056 1034 2107 sunt
1054 2045 1137 2108 haec
1157 2046 1275 2127 quibus
1294 2048 1431 2109 interius

315 2138 580 2217 infestabuntur;
615 2140 840 2221 unusquisque
864 2140 953 2202 enim
983 2139 1016 2200 in
1042 2138 1177 2201 Inferno
1199 2140 1365 2203 cruciatur
1386 2162 1430 2203 ex

316 2254 377 2296 suo
392 2254 506 2301 amore
522 2244 556 2297 et
572 2233 642 2315 ejus
658 2233 958 2314 concupiscentiis;
982 2233 1065 2297 haec
1082 2235 1170 2295 enim
1186 2234 1311 2297 faciunt
1327 2235 1431 2297 vitam

316 2328 457 2409 cujusvis
479 2330 534 2404 ibi,
554 2338 588 2391 et
611 2330 682 2391 vita
705 2328 889 2405 cruciatur;
923 2347 1023 2409 quare
1046 2336 1124 2389 sunt
1147 2328 1191 2390 ibi
1214 2329 1339 2409 gradus
1358 2348 1431 2393 cru·

316 2423 423 2485 ciatus
441 2422 624 2485 secundum
643 2422 766 2503 gradus
785 2422 909 2483 amoris
928 2420 1005 2484 mali
1025 2430 1060 2484 et
1078 2420 1156 2485 inde
1174 2420 1257 2485 falsi.

375 2517 477 2604 865.
503 2532 589 2597 [νινε.
604 2530 655 2596 rr]
679 2518 744 2581 *tr
757 2518 815 2581 ridi
829 2518 976 2581 Thronion
992 2520 1090 2582 allum
1109 2526 1143 2583 rt
1160 2540 1311 2603 mupnurn,
1327 2527 1361 2585 ot
1378 2522 1433 2585 So·

316 2609 436 2670 drumm
456 2627 550 2689 sopor
565 2627 613 2681 oo,
629 2628 648 2669 u
665 2608 756 2690 cujus
774 2608 857 2670 trois
877 2609 957 2691 iupit
968 2610 1090 2674 Caelum
1109 2616 1143 2674 st
1158 2611 1265 2683 Tam,
1284 2612 1332 2690 [sl
1348 2612 1433 2674 lorus

316 2719 375 2762 non
389 2701 526 2762 inventus
539 2698 644 2778 osl],''
655 2696 821 2779 significat
837 2698 1016 2773 Jridr'cium
1035 2701 1227 2764 universale
1247 2723 1269 2765 a
1289 2702 1433 2766 Domino

307 2794 442 2873 folium
464 2801 565 2871 super
585 2811 694 2852 omnes
713 2791 846 2870 priores
873 2790 998 2869 Caelos,
1023 2803 1124 2874 super
1151 2793 1269 2876 quibus
1291 2795 1434 2873 fuerunt

316 2888 376 2969 qui
394 2887 429 2949 in
448 2886 527 2948 bono
543 2885 637 2947 abili
654 2894 686 2947 et
704 2884 827 2948 morali
840 2895 873 2948 et
890 2887 979 2950 nullo
996 2887 1171 2967 spirituali
1184 2897 1290 2962 erant
1311 2888 1360 2952 ita
1378 2887 1436 2970 qui

316 2982 351 3044 in
379 2980 524 3044 externis
547 2979 753 3042 simulabant
777 2978 1003 3057 Christianos,
1028 2983 1090 3045 sed
1115 2983 1149 3044 in
1178 2981 1320 3044 internis
1337 2993 1433 3046 erant

316 3075 462 3147 diaboli·
491 3074 552 3155 qui
573 3072 602 3137 C
601 3073 668 3135 aeli
681 3093 752 3135 cum
771 3083 865 3137 terra
882 3095 992 3137 eorum
1005 3087 1149 3156 prorsus
1168 3077 1331 3156 dissipati
1345 3087 1431 3151 sunt,

316 3171 396 3233 adro
417 3179 454 3232 ut
475 3167 564 3231 nihil
577 3187 687 3230 eorum
705 3168 850 3248 amplius
868 3169 1296 3252 appareret—Antequam
1320 3171 1377 3233 illa
1399 3173 1431 3233 in

317 3264 432 3328 ordine
456 3263 638 3326 secundum
664 3262 795 3324 literam
819 3263 1043 3345 explicantur,
1068 3265 1353 3345 praemittendum
1380 3276 1431 3328 est

318 3359 442 3440 aliquid
466 3359 508 3420 de
530 3355 660 3436 Judicio
683 3355 871 3430 universali,
889 3357 931 3419 de
954 3378 1021 3440 quo
1044 3359 1098 3421 hic
1122 3361 1241 3438 agitur.
1287 3359 1321 3421 A
1346 3369 1431 3422 tem·

317 3473 399 3534 pore
417 3472 484 3533 quo
503 3451 667 3513 Dominus
690 3451 722 3511 in
746 3451 872 3512 mundo
890 3451 960 3527 suit,
981 3454 1115 3534 quando
1135 3453 1211 3535 Ipse
1234 3453 1267 3515 in
1287 3453 1432 3516 Persona

318 3546 470 3609 ultimum
490 3545 654 3626 Judicium
674 3544 762 3616 fecit,
782 3546 979 3624 permissum
1003 3555 1055 3608 est
1079 3557 1115 3608 ut
1137 3547 1185 3609 illi
1209 3547 1263 3628 qui
1286 3548 1432 3610 inbono

316 3640 405 3703 civili
424 3651 459 3703 et
476 3638 593 3702 morali
609 3647 715 3712 erant,
733 3641 870 3702 tametsi
890 3641 923 3702 in
939 3640 1032 3703 nullo
1048 3641 1137 3705 bono
1153 3643 1326 3723 spirituali,
1345 3643 1433 3706 unde

317 3736 351 3797 in
381 3735 533 3797 externis
563 3732 772 3814 apparebant
802 3733 888 3796 sicut
920 3733 1099 3796 Christiani
1133 3736 1192 3798 sed
1226 3737 1258 3797 in
1292 3738 1432 3799 internis

318 3837 415 3891 erant
438 3826 573 3902 diaboli,
593 3826 716 3887 diutius
739 3825 874 3907 reliquis
897 3838 1105 3890 morarentur
1128 3831 1161 3892 in
1186 3829 1314 3892 Mundo
1338 3833 1432 3913 spiri-

316 3923 492 4004 tuumrqui
507 3931 560 3984 est
576 3921 704 3983 medius
720 3921 806 3983 inter
820 3919 958 3984 Caelum
975 3933 1010 3985 et
1026 3922 1215 3986 Internum:
1239 3934 1274 3986 et
1294 3926 1432 3988 tandem

317 4035 515 4080 concessum
533 4015 593 4077 fuit
612 4013 677 4078 illis
695 4014 924 4078 habitationes
943 4027 1139 4080 constantes
1162 4017 1206 4079 ibi
1228 4019 1290 4080 sibi
1313 4018 1432 4094 facere,

316 4120 352 4173 et
371 4130 504 4192 quoque
522 4130 580 4190 per
598 4108 737 4171 abusum
757 4109 1129 4190 correspondentiarum
1152 4121 1187 4174 et
1210 4131 1269 4192 per
1288 4111 1433 4193 phanta-

263 4234 269 4246 ·
316 4205 382 4266 sias
405 4202 466 4265 sibi
489 4203 631 4265 formare
650 4203 737 4264 sicut
756 4201 890 4276 Caelos,
911 4222 994 4284 quos
1017 4205 1120 4266 etiam
1143 4206 1185 4267 ad
1209 4205 1351 4269 multam
1375 4227 1432 4270 co-

318 4299 407 4379 piam
425 4297 662 4359 formaverunt.
706 4295 773 4358 Sed
793 4315 868 4358 cum
891 4297 935 4359 ad
957 4297 1050 4360 illam
1069 4301 1199 4381 copiam
1219 4301 1433 4382 multiplicati

317 4402 397 4454 sunt
420 4400 456 4454 ut
478 4392 718 4472 interciperent
736 4390 942 4471 spiritualem
963 4391 1070 4455 lucem
1094 4404 1128 4456 et
1151 4395 1357 4475 spiritualem
1376 4417 1432 4460 ca·

318 4485 423 4547 lorem
446 4485 534 4546 inter
556 4483 678 4547 Caelos
700 4485 886 4564 superiores
910 4494 944 4548 et
968 4487 1055 4549 inter
1077 4488 1229 4551 homines
1260 4489 1293 4550 in
1324 4492 1430 4564 terris,

317 4589 398 4641 tunc
416 4578 581 4641 Dominus
597 4577 674 4640 fecit
694 4576 862 4642 Ultimum
880 4579 1055 4660 Judicium‚
1073 4591 1107 4644 et
1127 4583 1341 4663 imaginarios
1358 4583 1432 4647 illos
