3384 5400
351 658 414 724 628
675 672 921 724 nnocnuvrsrs
944 674 1154 727 navemn.

404 841 575 894 “Duodecim
589 851 682 906 portae
688 843 704 868 ''
717 842 789 892 Muri
799 843 893 893 Novae
901 841 1110 910 Hierosolymae
1120 845 1285 896 “duodecim
1298 846 1470 913 Margaritae,

482 909 646 973 unaquaevis
658 919 795 972 portarum
807 919 865 959 erat
876 924 931 959 una
944 909 1090 974 Margarita
1097 911 1111 932 ”
1122 911 1209 977 (Apoc.
1222 913 1277 962 xxi.
1289 917 1347 976 ar);

352 1073 499 1150 “portae
533 1067 651 1130 Novae
688 1066 971 1148 Hierosolymae”
1003 1067 1194 1150 significant
1226 1070 1402 1136 introitum
1438 1073 1471 1134 in

352 1162 486 1269 Nouam
503 1160 710 1318 xEllccliesiam
729 1181 768 1225 ac
787 1163 946 1226 introitus
965 1161 1002 1227 fit
1024 1183 1084 1245 per
1102 1165 1317 1246 cognitiones
1337 1166 1472 1230 boniet

351 1275 421 1320 ven
439 1276 484 1318 ex
539 1274 575 1318 cr
600 1275 630 1318 o.

403 1417 472 1468 “Ne
489 1417 611 1480 projicite
621 1417 781 1482 Margaritae
793 1429 898 1470 vestras
914 1430 979 1470 ante
995 1435 1100 1484 porcos,
1114 1437 1150 1472 ne
1167 1421 1236 1472 torte
1253 1423 1471 1476 conculcantem

482 1485 602 1547 pedibus,
614 1494 640 1534 et
652 1484 769 1535 lacerent
780 1501 829 1536 vos
838 1485 853 1504 ”
865 1483 991 1548 (Maroni
1000 1487 1045 1538 vii.
1057 1487 1098 1550 6),

350 1662 409 1724 per
422 1648 442 1676 “
452 1663 572 1726 porcos
580 1643 594 1668 ”
606 1642 836 1726 significantur
848 1646 904 1728 qui
918 1645 1027 1709 solum
1044 1666 1125 1728 opes
1141 1648 1329 1714 mundanas
1340 1659 1469 1728 amant,

350 1747 385 1800 et
405 1755 475 1800 non
491 1757 574 1818 opes
593 1738 791 1819 spirituales,
811 1758 897 1821 quae
915 1751 994 1803 sunt
1013 1743 1226 1822 cognitiones
1248 1744 1328 1807 boni
1345 1756 1382 1809 et
1393 1745 1470 1809 veri

350 1852 395 1894 ex
409 1830 535 1895 Verbo.
576 1831 663 1914 Quia
675 1852 734 1914 per
747 1839 766 1866 ‘⁸
779 1833 990 1914 Babylonem
998 1833 1014 1859 ”
1028 1835 1234 1916 significatur
1247 1837 1468 1920 Religiosum,

350 1947 454 2008 aquo
478 1947 596 1990 omnes
614 1929 827 2009 cognitiones
849 1930 929 1992 boni
951 1941 987 1993 et
1005 1931 1075 1994 veri
1097 1951 1142 1994 ex
1161 1931 1278 1995 Verbo
1299 1932 1470 2016 projestae

351 2030 440 2096 sunt,
460 2020 581 2084 dicitur
599 2022 642 2084 de
660 2022 727 2098 illa,

402 2187 420 2210 ‘¹
430 2185 594 2238 Mercatores
611 2193 698 2235 terrae
714 2184 816 2236 flebunt
832 2195 860 2236 et
877 2186 1006 2250 plangent
1023 2201 1103 2252 super
1114 2186 1264 2250 Babylone,
1272 2191 1350 2256 ,quod
1365 2205 1469 2242 meroes

480 2266 573 2301 eorum
584 2266 663 2300 nemo
675 2263 755 2310 emat,
768 2266 870 2302 merces
881 2253 939 2302 auri
951 2262 978 2302 et
988 2255 1101 2318 argenti,
1115 2254 1211 2317 lapidis
1223 2256 1344 2320 pretiosi,
1357 2266 1385 2308 et
1397 2255 1469 2307 Mar-

480 2318 582 2380 garitae
591 2316 605 2336 ”
617 2317 703 2382 (Apoc.
718 2319 790 2368 xviii.
806 2313 873 2384 [11,]
888 2319 936 2376 η).

408 2474 503 2559 728·
531 2481 550 2511 ⁸
558 2471 678 2536 Habeas
692 2491 819 2536 aunum
832 2473 1019 2554 mutantia
1031 2494 1124 2539 manu
1136 2495 1206 2550 rua,
1217 2477 1340 2558 usnam
1354 2478 1467 2542 ammi-

350 2565 520 2629 nationibus
529 2562 749 2627 stimmanditio
757 2563 956 2628 scortationis
964 2564 1068 2646 οἰκί’
1077 2565 1245 2648 significat
1255 2567 1467 2649 Religiosum

349 2657 437 2723 illud
450 2677 493 2721 ex
508 2656 635 2721 saniiis
662 2655 762 2720 Verbi
773 2657 1011 2738 prophanatis,
1026 2666 1059 2721 et
1074 2679 1117 2721 ex
1134 2657 1226 2723 bonis
1243 2668 1276 2723 et
1292 2660 1383 2725 vens
1399 2662 1468 2746 φιτ

344 2764 409 2835 per
436 2753 514 2817 dira
536 2751 638 2832 falsa
666 2751 1046 2834 conspurcatio-Quod
1078 2772 1139 2834 per
1168 2759 1188 2785 ‘⁶
1199 2753 1357 2837 poculum
1365 2756 1381 2783 ’⁹
1409 2777 1466 2821 seu

350 2848 519 2911 “calicem
528 2846 543 2872 '¹
566 2846 673 2909 simile
695 2845 902 2927 significetur
923 2848 1014 2929 quod
1038 2868 1098 2930 per
1121 2848 1292 2923 “vinum'’
1312 2851 1393 2932 ,quia
1415 2861 1465 2915 est

349 2943 538 3017 continens,
558 2941 712 3005 videatur
729 2959 828 3023 supra
848 2938 895 3023 (n.
913 2940 1003 3023 672),
1023 2952 1059 3005 et
1077 2961 1137 3023 per
1156 2944 1298 3007 “vinum
1318 2944 1465 3028 Babylo·

348 3038 399 3100 nis
408 3036 423 3061 '’
441 3035 647 3119 significatur
666 3035 876 3117 Religiosum
897 3036 979 3099 illud
998 3038 1110 3119 quoad
1130 3038 1202 3100 dira
1223 3036 1294 3118 ejus
1315 3039 1400 3103 salsa
1419 3040 1464 3121 (n.

347 3132 420 3212 632,
439 3132 479 3211 63
485 3130 516 3213 5)
531 3153 538 3209 ;
562 3152 621 3213 per
641 3130 940 3195 “abominationes
947 3129 962 3155 '’
977 3130 1207 3212 significantur
1225 3133 1464 3215 prophanatio·

349 3248 408 3292 nes
425 3225 551 3306 santii3
572 3237 607 3291 et
623 3246 683 3309 per
695 3227 970 3291 “immunditiem
985 3228 1202 3291 scortationis
1210 3228 1225 3252 ”
1237 3228 1467 3310 significantur

348 3323 646 3405 conspurcationes
679 3322 758 3385 boni
787 3332 823 3385 et
852 3323 921 3386 veri
951 3321 1076 3401 Verbi;
1113 3323 1193 3386 inde
1220 3343 1280 3405 per
1310 3324 1467 3389 “habens

347 3438 484 3481 aureum
507 3417 663 3499 poculum
687 3418 720 3479 in
743 3436 843 3480 manu
867 3437 926 3479 sua
948 3417 1084 3500 plenum
1107 3417 1414 3483 abominationibus
1431 3430 1467 3484 et

347 3511 559 3574 immunditie
578 3512 792 3574 scortationis
812 3511 910 3591 ejus,”
929 3510 1137 3593 significatur
1156 3512 1366 3594 Religiosum
1384 3514 1466 3578 iilud

348 3607 537 3669 consistens
553 3626 597 3669 ex
616 3602 740 3669 santiis
760 3604 935 3669 Ecclesiae
950 3607 1180 3689 prophanatis,
1196 3617 1232 3671 et
1251 3628 1296 3671 ex
1315 3608 1414 3672 bonis
1431 3621 1466 3674 et

346 3701 434 3763 veris
453 3700 558 3764 Verbi
582 3720 641 3781 ρετ
659 3701 730 3764 dira
749 3699 833 3763 salsa
848 3702 1089 3782 conspurcatis.
1135 3701 1231 3765 Haec
1249 3702 1371 3767 similia
1388 3715 1466 3767 sunt

347 3794 412 3859 illis
430 3815 515 3878 quae
535 3794 700 3859 Dominus
719 3795 806 3858 dixit
822 3794 865 3858 ad
884 3792 1018 3858 Scribas
1036 3804 1071 3859 et
1091 3796 1306 3860 Pharisaeos:
1327 3868 1329 3871 y

399 3957 1466 4087 '‘“ttittittittstitititituittitrttttiitititittt?

478 4098 593 4149 tuorum,
608 4101 635 4140 et
646 4091 721 4141 omni
733 4090 901 4139 immunditie
907 4063 926 4110 ’ἶ
933 4088 1041 4152 (Marta.
1055 4090 1129 4140 xxiii.
1144 4090 1193 4153 27).

406 4268 502 4338 729.
528 4266 613 4335 [νινε.
627 4266 666 4333 5.]
691 4256 786 4336 ‘'[ft]
818 4274 913 4337 rupen
934 4256 1036 4319 {ronta
1057 4256 1125 4338 ojus
1148 4256 1283 4336 [nomon]
1308 4256 1465 4338 sonatum,

346 4345 533 4429 lystooium,
545 4346 678 4430 Babylon
689 4366 813 4429 magna,
824 4352 926 4409 mater·
935 4346 1156 4409 scortationum
1170 4352 1204 4409 ot
1216 4345 1466 4410 abominationum

347 4435 491 4509 tomo,''
505 4435 673 4518 significat
689 4436 901 4518 Religiosum
918 4435 947 4500 C
947 4434 1090 4499 athalico
1102 4436 1290 4499 Romanum
1305 4436 1403 4518 quala
1415 4446 1466 4500 est

345 4527 486 4592 interius
504 4529 593 4611 quod
611 4529 819 4607 reconditum,
839 4530 929 4612 quod
946 4549 988 4592 ex
1004 4538 1079 4592 ortu
1096 4550 1155 4592 suo
1172 4528 1213 4592 ab
1231 4550 1343 4592 amore
1359 4528 1463 4592 domi·

346 4621 453 4686 nandi
466 4643 508 4687 ex
524 4644 636 4687 amore
652 4624 709 4688 sai
724 4633 825 4705 super
839 4621 956 4688 santia
973 4622 1138 4688 Ecclesia
1153 4632 1185 4688 et
1201 4632 1302 4705 super
1318 4621 1463 4700 Caelum,
