3384 5400
532 711 612 763 cnr.
628 711 714 775 xv1.‚
731 711 835 763 vans,
856 713 982 763 12.-u.
998 709 1071 782 099·
1299 717 1361 786 599

235 878 400 944 inducunt
412 879 484 944 aliis
501 879 632 962 linguas
645 901 721 944 suas
737 891 772 946 et
789 880 879 945 labia
895 882 1054 947 dentibus
1070 893 1225 966 tangere,
1242 894 1277 948 et
1293 885 1358 950 hoc

236 995 342 1057 usque
364 975 407 1038 ad
431 974 641 1039 molestiam:
672 996 718 1040 ex
741 976 791 1039 his
811 997 898 1040 nunc
918 988 1026 1065 patet,
1046 979 1136 1061 quod
1155 998 1214 1060 per
1234 987 1358 1042 “man-
1385 1044 1387 1047 ,

236 1065 391 1132 debant¹¹l
410 1067 542 1150 linguas
561 1090 638 1134 suas
656 1091 735 1152 prae
755 1071 911 1136 molestia
920 1071 934 1095 ”
953 1071 1161 1154 significetur
1179 1075 1269 1156 quod
1289 1095 1359 1137 non

235 1165 442 1228 sustinerent
455 1184 544 1227 vera.
588 1162 689 1245 Quod
706 1165 831 1246 lingua,
846 1174 883 1229 ut
895 1186 1060 1248 organum
1077 1165 1243 1250 loquelae,
1256 1169 1360 1250 signi·

236 1256 316 1321 ficet
342 1259 587 1338 cogitationem
612 1269 646 1322 et
674 1259 930 1334 confessionem,
954 1270 989 1324 et
1013 1281 1146 1343 quoque
1169 1259 1358 1326 doctrinam

236 1351 318 1424 veri,
337 1351 491 1415 videatur
508 1371 615 1434 supra¹
629 1350 675 1433 (n.
695 1350 810 1436 2821¹¹).

298 1447 398 1529 697.
418 1458 504 1526 [Vm.
518 1458 570 1525 rn]
591 1449 1016 1530 ‘filiurplamnruntdeum
1026 1449 1361 1533 deelipmmolealr'r'a

234 1535 304 1602 tuit
317 1542 352 1600 et
359 1556 438 1619 pree
453 1537 608 1601 uleeridur
620 1539 725 1612 ruir,'¹
739 1540 910 1622 significat
926 1541 1018 1622 quod
1028 1562 1092 1605 non
1107 1563 1285 1624 agnoscere
1293 1553 1357 1626 po·

236 1628 362 1694 tuerint
377 1628 555 1694 Dominum
574 1630 687 1695 Solum
703 1653 775 1695 esse
790 1631 897 1695 Deum
917 1631 1014 1697 Caeli
1027 1644 1060 1696 et
1083 1633 1206 1698 Terrae
1217 1645 1359 1717 propter

235 1723 476 1804 repugnantias
490 1745 533 1787 ex
547 1724 757 1789 deterioribus
763 1726 874 1806 falsis
888 1736 920 1789 et
935 1727 1044 1802 malis,
1057 1728 1207 1792 oriundis
1222 1751 1265 1792 ex
1276 1731 1357 1812 dog-

235 1817 355 1881 matico
376 1819 417 1881 de
440 1818 512 1882 sola
536 1819 619 1884 Fide
639 1820 753 1902 agnito
773 1831 805 1883 et
829 1823 1070 1902 recepta-Per
1094 1823 1357 1906 “blasphemare

236 1911 348 1975 Deum
373 1910 489 1976 Caeli’'
512 1913 718 1994 significatur
740 1934 866 1996 negare
892 1925 950 1979 aut
977 1936 1045 1979 non
1071 1930 1258 1998 agnoscere
1285 1920 1357 1984 Do·

236 2007 364 2070 minum
380 2005 496 2070 Solum
513 2027 588 2072 esse
603 2008 713 2072 Deum
730 2009 822 2073 Caeli
838 2020 874 2073 et
890 2010 1015 2073 Terrae
1030 2008 1077 2090 (n.
1093 2026 1163 2092 571,
1178 2010 1274 2097 582);
1297 2035 1358 2096 per

237 2100 439 2164 “molestias
447 2101 462 2126 ”
478 2101 708 2183 significantur
723 2103 901 2167 molestiae
916 2107 1124 2186 agnoscendi
1140 2107 1184 2182 id,
1201 2116 1238 2170 ut
1256 2127 1356 2191 supra

239 2193 287 2278 (n.
305 2195 394 2278 696),
414 2197 463 2259 ita
485 2199 729 2278 repugnantiae
752 2218 796 2261 ex
816 2198 1028 2261 interioribus
1047 2200 1147 2275 salsis,
1168 2219 1246 2264 nam
1266 2205 1357 2285 quod

236 2301 403 2372 repugnat
427 2291 492 2354 hoc
511 2292 692 2356 molestum
711 2304 785 2370 est;
811 2291 1016 2356 “molestiae
1024 2291 1041 2316 ''
1060 2294 1295 2374 praedicantur
1313 2297 1355 2360 de

236 2385 348 2463 salsis;
379 2405 437 2466 per
457 2384 620 2450 “ulcera’'
643 2385 874 2468 significantur
896 2387 1054 2450 interiora
1078 2387 1177 2461 mala,
1198 2399 1234 2451 ut
1257 2409 1357 2472 supra

239 2479 287 2562 (n.
305 2479 404 2562 678);
436 2490 470 2544 et
494 2482 571 2563 quia
593 2482 751 2544 interiora
770 2481 860 2544 mala
878 2501 916 2545 ac
936 2480 1019 2544 salsa
1038 2483 1188 2544 oriuntur
1206 2503 1250 2546 ex
1269 2485 1355 2566 dog·

236 2577 364 2640 matico
375 2576 419 2639 de
433 2575 507 2639 sola
524 2575 606 2640 Fide
622 2576 740 2658 agnito
752 2585 788 2639 et
807 2586 956 2658 receptu,
971 2576 1048 2639 ideo
1060 2577 1162 2640 etiam
1175 2579 1238 2641 hoc
1251 2580 1355 2661 signi-

236 2668 364 2735 ficetur.

297 2767 403 2850 698.
431 2767 495 2831 ‘Et
503 2787 562 2830 nor
571 2767 768 2848 rerr‘puerunt
777 2768 815 2831 ab
826 2768 967 2849 operibus
976 2768 1080 2841 ruie,''
1091 2769 1258 2851 significat
1270 2773 1361 2854 quod

236 2860 373 2926 tametsi
384 2860 544 2924 instruili
553 2881 596 2923 ex
618 2859 730 2936 Verbo,
748 2880 850 2941 usque
863 2880 925 2922 non
940 2860 1093 2923 recedant
1106 2882 1128 2922 a
1137 2859 1247 2938 falsis
1261 2860 1360 2925 Fidei

236 2965 269 3019 et
285 2954 362 3018 inde
376 2955 474 3017 malis
490 2954 693 3017 vitas-Per
713 2960 810 3017 “non
829 2955 1023 3036 resipiscere
1031 2954 1046 2978 ”
1065 2952 1271 3035 significatur
1287 2974 1355 3018 non

236 3050 405 3123 recedere,
422 3060 574 3131 utsupra
594 3046 640 3130 (n.
659 3047 758 3130 693);
782 3060 817 3112 et
836 3069 895 3131 per
915 3054 1046 3130 “opera
1055 3048 1070 3073 ’'
1088 3049 1142 3111 hic
1160 3048 1355 3131 significan-

237 3154 293 3208 tur
313 3142 398 3207 ialsa
419 3142 496 3207 fidei
519 3152 554 3207 et
577 3144 655 3206 inde
677 3142 767 3206 mala
790 3144 890 3216 vitae,
910 3152 947 3205 ut
970 3162 1070 3225 supra
1095 3142 1141 3223 (n.
1159 3142 1249 3225 641).
1293 3143 1355 3208 Se·

237 3238 384 3302 cundum
403 3237 546 3302 Sensum
565 3237 683 3302 literae
706 3247 759 3301 est
782 3238 872 3320 quod
896 3237 1074 3300 molestiae
1097 3247 1132 3301 et
1156 3236 1269 3300 ulcera
1287 3258 1356 3306 non

237 3342 377 3415 possent
400 3332 537 3413 adigere
559 3330 636 3395 illos
658 3331 701 3395 ad
725 3330 987 3413 resipiscendum
1007 3352 1027 3393 a
1049 3330 1140 3394 salsis
1170 3342 1205 3395 et
1235 3332 1355 3411 malis;

238 3427 299 3489 sed
318 3427 501 3491 secundum
521 3424 664 3489 Sensum
684 3425 892 3508 spiritualem
916 3435 980 3497 est,
1000 3424 1091 3508 quod
1114 3423 1291 3489 instrutiio
1309 3449 1356 3491 ex

238 3520 356 3585 Verbo
373 3540 441 3583 non
460 3530 576 3603 posset
595 3522 732 3601 adigere
750 3520 827 3583 illos
845 3541 866 3584 a
884 3520 974 3583 falsis
993 3530 1028 3583 et
1048 3520 1156 3594 malis,
1175 3522 1254 3604 quia
1271 3521 1355 3585 haec

237 3614 411 3679 infernalia
429 3626 517 3678 sunt.
563 3614 619 3677 Ex
642 3614 693 3677 his
716 3624 822 3697 patet,
842 3616 933 3697 quod
952 3634 1011 3696 per
1031 3621 1127 3679 “non
1146 3616 1356 3697 resipuerunt

238 3730 283 3773 ex
306 3710 462 3792 operibus
484 3708 574 3771 suis”
604 3707 810 3790 significetur
839 3709 929 3790 quod
961 3709 1098 3771 tametsi
1127 3707 1281 3773 instrudti
1309 3730 1356 3773 ex

238 3804 356 3869 Verbo
385 3822 489 3885 usque
519 3822 586 3866 non
617 3804 777 3866 recedant
807 3824 827 3866 a
855 3803 947 3866 salsis
977 3802 1053 3865 fidei
1083 3813 1119 3866 et
1151 3804 1230 3867 inde
1259 3804 1356 3867 malis

237 3902 337 3963 vitae.
398 3896 529 3961 Dicitur
549 3897 640 3979 quod
664 3896 818 3978 “opera'’
840 3897 894 3961 hic
920 3897 988 3959 sint
1014 3895 1098 3959 salsa
1121 3894 1197 3960 fidei
1219 3907 1255 3961 et
1277 3900 1355 3963 inde

238 3992 328 4057 mala
346 3992 455 4068 vitae;
485 3992 533 4054 ita
555 3992 677 4054 dicitur
694 3992 771 4073 quia
789 3990 909 4055 falsum
928 3990 1005 4054 fidei
1024 3991 1208 4072 praecedit,
1228 4002 1263 4054 et
1283 4012 1354 4055 ma·

238 4087 307 4151 lum
323 4088 413 4150 vitae
429 4086 596 4169 sequitur:
620 4084 739 4148 salsum
755 4086 844 4149 enim
863 4084 939 4148 fidei
956 4095 1020 4158 est,
1037 4085 1127 4168 quod
1144 4085 1270 4148 malum
1286 4106 1355 4149 non

238 4183 378 4245 damnet
393 4179 486 4243 illurn
505 4181 559 4262 qui
578 4179 611 4243 in
631 4179 714 4243 Fide
732 4190 805 4256 est;
829 4180 908 4243 inde
926 4180 1031 4243 homo
1048 4180 1131 4242 vivit
1150 4198 1267 4243 secure
1286 4200 1355 4244 non

238 4275 424 4357 cogitando
446 4274 489 4338 de
511 4274 624 4357 aliquo
646 4273 746 4347 malo,
770 4283 805 4337 et
832 4276 879 4337 sic
906 4293 1076 4357 nunquam
1099 4274 1273 4356 resipiscit,
1297 4295 1356 4337 seu

239 4369 482 4453 paenitentiam
505 4370 597 4450 agit3
629 4368 781 4432 similiter
799 4368 880 4432 facit
910 4369 938 4431 si
967 4368 1030 4431 sibi
1060 4369 1241 4449 persuadet
1264 4370 1356 4451 quod

239 4462 352 4547 Opera
370 4463 451 4526 nihil
470 4463 514 4525 ad
532 4460 676 4527 salutem
692 4462 828 4537 saciant,
845 4463 905 4526 sed
925 4462 999 4527 sola
1015 4462 1117 4525 Fides
1132 4461 1260 4545 absque
1278 4462 1354 4526 illis.

298 4570 405 4651 ⁶9⁹·
429 4578 516 4647 [Vm.
531 4578 583 4645 ra]
606 4568 672 4630 ‘fr
679 4574 788 4632 renue
796 4569 931 4652 lapelee
941 4568 1049 4632 alludit
1056 4567 1190 4649 phialam
1199 4588 1289 4631 auam
1302 4589 1357 4632 au-

236 4678 296 4743 por·
307 4659 425 4723 maun
434 4677 576 4740 magnum
586 4657 803 4742 Euphratemst
814 4658 983 4741 significat
995 4657 1162 4741 instratum
1177 4679 1199 4722 a
1211 4658 1356 4723 Domino
