3384 5400
503 673 582 725 cns.
600 674 703 737 xxn„
721 675 822 726 vens.
842 676 948 743 5.-n.
964 678 1037 745 940.
1266 665 1331 745 849

211 842 301 927 quod
314 842 349 905 in
366 842 467 907 Nova
482 842 715 926 Hierosolyma
733 865 795 907 non
813 845 880 907 erit
895 844 1035 927 aliquod
1039 844 1175 926 falsum
1184 845 1279 928 fidei,
1299 856 1332 909 et

210 937 299 1020 quod
316 936 463 999 homines
485 938 520 1000 in
537 938 774 1019 cognitionibus
791 940 832 1001 de
852 938 921 1001 Deo
943 939 993 1001 ibi
1012 959 1075 1001 non
1096 950 1194 1002 erunt
1214 960 1257 1003 ex
1278 939 1328 1002 lu·

210 1031 296 1093 mure
312 1030 466 1094 naturali
477 1032 567 1113 quod
580 1042 631 1096 est
647 1054 690 1095 ex
702 1033 849 1113 prbpria
866 1032 1094 1115 intelligentia,
1111 1042 1144 1095 et
1160 1054 1203 1095 ex
1216 1031 1330 1114 gloria

210 1126 353 1188 niunda
373 1146 417 1187 rx
428 1126 541 1205 fastu,
565 1126 628 1189 sed
644 1137 742 1190 errent
766 1128 801 1189 in
827 1127 895 1189 luce
916 1124 1094 1207 spirituali
1112 1148 1155 1189 ex
1185 1124 1287 1190 Verbo
1309 1148 1332 1191 a

212 1219 288 1283 Solo
311 1219 569 1308 Domina-Per
593 1226 693 1284 “nox
715 1240 784 1284 non
809 1222 873 1285 erit
900 1220 967 1285 ibi'’
990 1220 1199 1303 significatur
1222 1222 1331 1285 simile

211 1313 300 1397 quod
319 1334 431 1397 supra,
450 1334 524 1397 cap.
544 1316 628 1390 xxi,
647 1316 703 1379 ubi
722 1316 826 1379 haec:

237 1471 361 1523 “Portae
373 1473 432 1536 ejus
444 1488 501 1523 noa
509 1474 666 1524 claudentur
675 1474 800 1531 interdiu,
812 1474 949 1523 nonenim
962 1488 1018 1523 nox
1029 1474 1083 1523 erit
1091 1474 1127 1523 ibi
1135 1472 1149 1493 '¹
1159 1472 1239 1537 (vers.
1251 1474 1310 1536 293

211 1638 270 1699 per
285 1638 371 1699 quae
384 1615 592 1699 significatur
607 1618 697 1700 quod
713 1618 747 1680 in
764 1617 898 1680 Novam
917 1614 1193 1697 Hierosolymam
1207 1614 1332 1699 jugiter
1425 1614 1427 1617 ’

211 1712 414 1793 recipiantur
436 1712 491 1795 qui
517 1712 551 1774 in
577 1711 664 1774 veris
687 1732 732 1774 ex
755 1710 846 1774 bono
869 1711 993 1774 amoris
1020 1732 1041 1774 a
1067 1708 1217 1774 Domino
1239 1722 1331 1786 sunt,

210 1808 287 1888 quia
306 1826 374 1869 non
393 1807 437 1869 ibi
460 1816 513 1869 est
531 1805 652 1869 salsum
672 1804 748 1869 fidei
770 1804 816 1888 (n.
836 1806 934 1887 922):
965 1826 1024 1889 per
1044 1810 1143 1869 “non
1167 1826 1251 1887 opus
1271 1806 1331 1869 ha·

210 1900 294 1963 bent
324 1899 461 1963 lucerna
490 1910 527 1965 et
557 1900 632 1964 luce
655 1900 747 1974 solis,
771 1902 848 1982 quia
877 1900 1043 1963 Dominus
1067 1898 1160 1963 Deus
1183 1900 1332 1964 illustrat

211 1993 310 2058 illos”
326 1995 434 2059 simile
450 1994 658 2077 significatur
672 1994 763 2077 quod
779 2016 889 2078 supra,
907 2015 980 2077 cap.
998 1996 1081 2069 xxi,
1099 1994 1154 2057 ubi
1170 1994 1275 2058 haec:

262 2143 359 2195 “Urbe
377 2158 431 2193 non
444 2158 514 2206 opus
529 2145 610 2193 habet
627 2145 684 2193 sole
702 2154 730 2194 et
746 2144 818 2199 luna.
831 2154 861 2194 ut
879 2145 982 2193 luceant
1002 2144 1028 2193 in
1046 2158 1087 2199 eu.
1101 2144 1163 2209 qula
1178 2144 1265 2209 gloria
1283 2143 1333 2193 Dei

342 2209 484 2258 illustravit
495 2224 564 2267 eam,
578 2219 605 2258 et
618 2208 738 2259 Lucerna
750 2210 809 2272 ejus
822 2210 917 2272 Agnus
926 2208 940 2227 ''
952 2211 1031 2271 (vers.
1046 2211 1105 2269 23);

211 2378 271 2439 per
296 2376 382 2439 quae
409 2354 618 2436 significatur
644 2354 735 2437 quod
761 2354 917 2418 homines
943 2353 1031 2416 illius
1058 2352 1235 2417 Ecclesiae
1263 2370 1334 2415 non

212 2461 310 2514 erunt
333 2452 367 2513 in
390 2470 505 2513 amore
527 2451 577 2512 sui
600 2459 636 2514 et
659 2451 692 2512 in
716 2449 850 2531 propria
874 2448 1114 2530 intelligentia,
1139 2457 1173 2511 et
1197 2448 1275 2512 inde
1298 2449 1331 2511 in

212 2546 338 2609 lumine
361 2544 437 2607 solo
460 2544 617 2617 naturali,
646 2544 706 2607 sed
737 2564 782 2606 ex
813 2542 942 2606 Divino·
965 2562 1050 2606 vero
1072 2540 1177 2606 Verbi
1207 2562 1226 2605 a
1257 2540 1332 2605 solo

212 2640 364 2704 Domino
390 2639 423 2702 in
447 2637 522 2701 luce
545 2636 709 2720 spirituali
742 2636 788 2720 (n.
812 2638 911 2719 9193:
946 2636 1006 2700 sed
1037 2656 1098 2719 pro
1118 2635 1253 2698 uluna”
1275 2636 1330 2708 ibi,

210 2734 265 2799 hic
280 2735 402 2797 dicitur
416 2732 582 2795 “lucerna
593 2732 618 2810 ;''
645 2742 681 2796 et
694 2753 754 2815 pro
769 2732 869 2796 “sole
878 2733 893 2756 ”
905 2733 959 2806 ibi,
974 2731 1027 2794 hic
1041 2731 1162 2794 dicitur
1176 2737 1194 2764 ¹¹
1204 2730 1262 2794 lux
1276 2751 1332 2794 so·

211 2828 252 2892 lis
263 2829 290 2891 :''
322 2845 362 2891 ac
390 2845 449 2909 per
477 2827 621 2890 “lunam
631 2825 648 2852 ’¹
671 2828 758 2890 sicut
786 2847 846 2909 per
874 2825 1098 2890 “lucernam’'
1125 2824 1334 2907 significatur

211 2922 324 2986 lumen
354 2921 509 2984 naturale
538 2941 583 2983 ex
613 2921 748 3004 propria
776 2921 1015 3003 intelligentia,
1042 2929 1076 2983 et
1107 2939 1167 3001 per
1195 2919 1331 2982 “lucem

211 3017 313 3081 solis”
335 3013 544 3096 significatur
573 3015 688 3079 lumen
718 3017 873 3078 naturale
903 3035 947 3078 ex
978 3015 1086 3096 gloria
1116 3015 1257 3078 oriunda
1286 3035 1332 3077 ex

211 3112 307 3176 fastu.
352 3109 420 3174 Sed
453 3110 568 3191 paucis
594 3109 820 3192 explicabitur
850 3110 927 3191 quid
959 3109 1071 3172 lumen
1103 3108 1255 3172 naturale
1286 3129 1331 3172 ex

212 3205 319 3287 gloria
336 3205 477 3268 oriunda
500 3223 546 3266 ex
567 3201 666 3267 lustu.
711 3204 822 3266 Datur
845 3204 956 3266 lumen
981 3203 1133 3266 naturale
1156 3223 1201 3264 ex
1225 3202 1332 3284 gloria

212 3300 352 3364 oriunda
369 3319 414 3362 ex
433 3297 531 3369 fastu,
548 3309 584 3360 et
602 3317 736 3380 quoque
752 3319 796 3360 ex
814 3317 881 3360 non
897 3297 1007 3374 fastu;
1031 3296 1143 3359 lumen
1161 3317 1205 3358 ex
1225 3296 1332 3378 gloria

211 3395 351 3459 oriunda
370 3413 414 3456 ex
438 3393 525 3455 fastu
544 3401 597 3455 est
620 3392 758 3474 illisqui
781 3393 814 3454 in
834 3409 948 3453 amore
967 3392 1016 3452 sui
1034 3401 1124 3464 sunt,
1144 3401 1179 3453 et
1202 3391 1279 3453 inde
1300 3392 1332 3453 in

211 3490 308 3554 malis
324 3489 434 3552 omnis
450 3488 603 3568 generis;
624 3488 752 3568 quaesi
769 3503 835 3548 non
849 3485 973 3548 iaciunt
991 3505 1035 3547 ex
1052 3485 1173 3548 timore
1182 3481 1331 3564 jacturae

210 3585 330 3658 faniae,
350 3592 387 3646 et
409 3601 543 3664 quoque
565 3583 593 3644 si
615 3581 780 3644 damnant
803 3581 879 3661 quia
902 3587 1021 3642 contra
1044 3578 1272 3642 moralitatem
1296 3589 1331 3642 et

211 3689 331 3745 contra
353 3678 480 3740 bonum
504 3675 684 3758 publicum,
708 3695 813 3756 usque
835 3674 892 3736 illa
916 3689 983 3736 non
1006 3683 1165 3754 reputant
1190 3681 1225 3735 ut
1252 3692 1333 3754 pec-

211 3784 309 3850 cata3
343 3773 377 3834 hi
406 3772 441 3835 in
471 3770 597 3833 lumine
626 3769 769 3832 naturali
800 3777 879 3831 sunt
909 3785 954 3831 ex
985 3767 1093 3848 gloria
1122 3767 1261 3830 oriunda
1287 3787 1332 3830 ex

211 3868 309 3941 fastu,
330 3885 409 3929 narn
427 3883 523 3928 amor
541 3865 590 3927 sui
609 3866 642 3926 in
660 3863 840 3926 voluntate
860 3861 897 3926 fit
916 3861 1021 3925 fastus
1040 3863 1072 3923 in
1091 3857 1276 3932 intellectu,
1297 3871 1332 3925 et

211 3964 264 4027 hic
287 3962 394 4025 fastus
416 3979 462 4023 ex
485 3959 545 4023 illo
566 3978 681 4022 amore
703 3957 836 4020 elevare
860 3966 976 4039 potest
997 3953 1209 4019 intellellum
1229 3977 1333 4038 usque

211 4059 244 4120 in
263 4057 372 4120 lucem
393 4054 506 4120 Caeli:
530 4054 596 4117 hoc
615 4053 733 4116 datum
751 4062 803 4116 est
827 4052 965 4126 homini,
986 4061 1022 4114 ut
1041 4052 1084 4114 sit
1104 4051 1216 4124 homo,
1237 4071 1275 4113 ac
1296 4060 1332 4112 ut

212 4153 320 4234 possit
343 4150 524 4213 reformari.
569 4147 649 4210 Vidi
676 4157 711 4210 et
738 4148 848 4209 audivi
876 4146 987 4228 plures
1014 4165 1144 4208 summe
1167 4144 1331 4216 diabolos,

212 4246 267 4328 qui
296 4244 541 4308 intellexerunt
567 4261 690 4305 arcana
716 4242 901 4322 sapientiae
927 4239 1103 4321 angelicae
1133 4259 1209 4302 cum
1239 4239 1332 4302 audi-

211 4349 333 4404 verunt
352 4348 388 4402 et
407 4338 563 4419 legerunt
581 4336 649 4410 illa,
665 4337 752 4397 sicut
771 4336 831 4416 ipsi
851 4334 983 4416 angeli;
1007 4334 1066 4396 sed
1085 4330 1237 4396 astutum
1256 4352 1331 4395 cum

212 4435 382 4498 redierunt
399 4432 442 4494 ad
458 4449 612 4494 amorem·
623 4447 719 4492 suum
735 4439 771 4492 et
790 4429 867 4492 inde
883 4429 1005 4491 fastum
1022 4447 1127 4500 suum,
1147 4447 1214 4490 non
1232 4429 1334 4490 modo

214 4527 295 4591 nihil
314 4527 358 4590 de
375 4526 441 4589 illis
458 4523 714 4594 intellexerunt,
731 4524 790 4586 sed
810 4525 913 4586 etiam
930 4523 1084 4584 viderunt
1101 4523 1269 4584 contraria
1288 4543 1333 4584 ex

214 4622 289 4686 luce
311 4619 579 4685 confirmationis
598 4618 672 4682 falsi
694 4618 785 4700 apud¹
806 4637 853 4682 se.
899 4615 950 4680 At
974 4615 1264 4679 lumen-naturale
1287 4637 1331 4679 ex
