3384 5400
344 662 407 724 820
660 621 909 725 hrocxuvl‘sffi
932 672 1141 724 REVELATA.

394 848 411 870 ¹⁴
421 845 504 895 Filiae
516 844 621 907 Regum
633 846 704 895 inter
713 844 846 907 pretiosas
859 852 925 903 tuas.
940 842 1060 895 constitit
1077 842 1182 907 Regina
1198 843 1232 893 ad
1249 844 1371 893 dextram
1390 852 1463 895 tuam

473 910 501 960 in
522 910 597 959 Auro
614 910 718 1039 ofrimo
735 908 853 972 Ophiris,
872 909 906 958 de
928 909 1052 971 implexis
1068 908 1135 959 Auri
1152 910 1235 959 vestis
1252 908 1335 973 ejus”
1351 909 1462 972 (Proin.

473 976 528 1025 xlv.
544 988 583 1033 ro,
594 987 627 1035 ¹⁴
650 975 682 1024 B.
694 976 729 1023 A.
739 989 763 1036 q,
777 970 838 1038 13];
855 974 948 1024 Erech.
959 974 1013 1023 xvi.
1027 974 1083 1036 13);

392 1042 411 1065 ‘¹
422 1040 556 1103 Acoepisti
573 1055 639 1089 resa
655 1050 767 1089 omarus
784 1040 822 1089 tui
839 1054 874 1089 ex
891 1038 967 1089 Auro
986 1040 1058 1095 Men.
1072 1048 1100 1090 et
1116 1054 1150 1089 ex
1168 1039 1290 1103 Argento
1308 1038 1382 1098 Meo.
1396 1052 1464 1103 quae

471 1107 598 1155 dederam
610 1105 666 1162 tibi,
681 1115 708 1155 et
718 1104 804 1155 iecisti
816 1105 864 1155 tibi
877 1105 1009 1167 imagines
1021 1106 1132 1155 masculi
1142 1103 1155 1124 '¹
1168 1104 1270 1167 (Erech.
1284 1106 1338 1155 xvi.
1352 1107 1409 1165 17);

393 1170 569 1233 “Argentum
588 1170 679 1219 Meum
697 1179 725 1220 et
742 1169 845 1219 Aurum
863 1168 956 1219 Meum
974 1170 1135 1232 sumpsistis,
1155 1180 1181 1219 et
1198 1170 1385 1220 desiderabilia
1402 1168 1464 1219 Mea

472 1238 544 1287 bona
554 1236 684 1285 intulistis
695 1236 723 1285 in
735 1236 838 1299 templa
848 1234 959 1285 vestra''
971 1234 1045 1300 (Joet
1054 1236 1089 1285 iv.
1102 1248 1115 1297 5
1127 1233 1173 1301 [Β.
1185 1238 1220 1286 Α.
1232 1236 1267 1287 iii.
1280 1232 1327 1299 51),

342 1374 516 1457 Quoniam
536 1379 682 1439 “aurum
692 1373 708 1399 ”
726 1372 940 1455 significabat
959 1372 1092 1437 Bonum
1111 1374 1244 1449 amoris,
1265 1373 1341 1436 ideo
1360 1392 1436 1437 cum

392 1520 537 1571 Belsbazar
547 1534 608 1569 curn
618 1518 790 1581 magnatibus
801 1518 905 1569 biberet
912 1518 1005 1567 vinnm
1018 1532 1033 1567 e
1045 1518 1118 1567 vasis
1128 1518 1195 1568 Auri
1206 1515 1309 1569 edudtis
1319 1532 1337 1567 e
1348 1516 1463 1580 Templo

473 1584 689 1649 hierosolymae,
703 1594 730 1633 et
742 1584 823 1633 simul
834 1583 956 1633 laudaret
967 1584 1033 1633 deos
1046 1583 1120 1641 Auri.
1134 1585 1248 1647 argenti,
1262 1584 1331 1633 aeris
1344 1593 1372 1633 et
1388 1582 1460 1641 lern'.

473 1653 600 1713 scripturn
610 1660 651 1700 est
661 1651 688 1702 in
698 1650 807 1712 pariete,
817 1658 844 1697 et
854 1648 898 1698 ille
908 1664 941 1697 ea
950 1646 1030 1699 nodie
1039 1650 1142 1699 occisus
1152 1660 1193 1699 est
1205 1650 1288 1708 (Dan.
1300 1664 1324 1700 v.
1335 1660 1358 1707 a,
1368 1648 1445 1710 seq).

388 1716 512 1780 (Praeter
523 1716 614 1766 mriltis
625 1716 687 1765 aliis
699 1717 726 1764 in
738 1714 827 1777 locis.)

345 1854 516 1937 Quoniam
535 1858 680 1917 “aurum
690 1852 706 1877 ”
724 1851 937 1935 significabat
958 1850 1090 1917 Bonum
1109 1853 1243 1927 amoris,
1264 1852 1341 1916 ideo

391 1999 469 2057 Arne,
484 1999 512 2047 in
523 2012 577 2061 qua
588 2006 646 2047 erat
658 1993 919 2056 1ex,ebdn6i2erat
932 1995 1006 2047 Auro
1018 1996 1090 2045 intra
1099 2004 1127 2045 et
1138 1994 1316 2057 extralEmd
1327 2010 1390 2047 m.
1404 1997 1460 2057 nl:

391 2064 427 2115 Et
448 2064 509 2113 ideo
531 2062 747 2125 Propitiatorium
767 2071 795 2111 et
815 2062 932 2113 Cherubi
953 2076 1034 2125 super
1052 2061 1125 2113 Arca
1144 2070 1221 2111 erant
1243 2076 1277 2111 ex
1300 2076 1367 2125 puro
1385 2061 1460 2113 Auro

471 2128 565 2190 (Exod.
576 2144 638 2177 xxv.
652 2124 719 2191 [17‚]
735 2126 791 2187 till:

389 2194 483 2244 Altare
494 2194 597 2243 suffitus
608 2204 668 2242 erat
678 2208 712 2243 ex
722 2208 791 2255 puro
804 2192 879 2242 Auro
890 2192 984 2251 (Exod.
995 2206 1058 2242 xxx.
1071 2192 1097 2255 3)
1107 2206 1113 2251 ;

392 2260 494 2309 Pariter
505 2260 702 2309 Candelabrum
715 2274 776 2307 curn
793 2259 909 2309 lucernis
920 2258 1015 2319 (Exod.
1026 2273 1088 2309 xxv.
1101 2271 1140 2321 31.
1153 2257 1210 2318 abl:

392 2324 425 2375 Et
435 2325 533 2375 Mensa
541 2338 680 2388 superque
689 2339 772 2387 panes
781 2324 908 2374 facierum
917 2321 1033 2373 obdudia
1042 2323 1092 2373 luit
1101 2323 1175 2373 Auro
1185 2322 1278 2385 (Exod.
1288 2337 1350 2373 xxv.
1360 2334 1400 2383 23,
1410 2321 1457 2383 24).

342 2463 512 2547 Quoniam
543 2469 688 2527 “aurum
696 2464 711 2489 ’⁹
737 2463 952 2546 significabat
984 2462 1117 2527 Bonum
1147 2462 1282 2537 amoris,
1308 2468 1458 2545 “argen-

341 2560 437 2622 tum”
465 2559 594 2623 Verum
621 2560 818 2641 sapientiae,
849 2564 934 2621 “aes
945 2556 960 2583 ''
986 2557 1119 2621 Bonum
1149 2558 1273 2621 amoris
1299 2555 1459 2621 naturalis

341 2655 397 2738 qui
418 2673 515 2718 amor
535 2664 679 2718 vocatur
699 2653 859 2728 charitas,
879 2662 914 2716 et
935 2651 1107 2718 “serrum’'
1126 2651 1255 2716 Verum
1275 2650 1365 2728 fidei,
1385 2651 1459 2716 ideo

340 2751 470 2830 antiqui
491 2749 663 2813 vocabant
685 2749 918 2811 successiones
941 2755 1132 2830 temporum
1155 2747 1199 2812 ab
1220 2747 1458 2829 antiquissimis

342 2865 445 2927 usque
468 2843 511 2906 ad
534 2843 665 2917 ultima,
686 2842 821 2906 saecula
843 2863 955 2916 aurea,
976 2853 1151 2924 argentea,
1171 2863 1270 2906 aerea
1287 2853 1323 2906 et
1345 2842 1457 2909 ferrea.

342 2939 469 3002 Similia
487 2936 720 3018 significantur
740 2957 800 3019 per
821 2946 972 3002 statuam
993 2935 1295 3000 Nebuchadnezari
1317 2937 1350 3002 in
1370 2955 1458 3000 sont-

342 3035 398 3096 nio
415 3033 533 3107 visam,

390 3175 474 3239 Cujus
485 3183 565 3238 caput
577 3183 634 3225 erat
647 3175 749 3225 Aurum
763 3176 873 3234 bonum,
889 3171 982 3238 penus
1000 3183 1026 3224 et
1043 3175 1152 3224 brachia
1162 3181 1312 3238 argentum,
1323 3184 1419 3224 venter
1433 3183 1458 3223 et

470 3242 581 3369 ὕειον)Ι
590 3255 644 3298 aee.
659 3255 736 3368 crr)rra
747 3241 857 3300 terrum,
872 3241 953 3303 pedes
971 3255 1005 3290 ex
1020 3249 1096 3304 parte
1106 3240 1216 3300 terrum.
1230 3255 1264 3290 ex
1281 3249 1357 3303 perte
1368 3240 1459 3304 argilla

509 3318 719 3367 mmmm:

341 3461 400 3524 per
424 3441 510 3504 haec
537 3439 772 3522 significantur
794 3441 975 3505 successivi
999 3449 1109 3504 status
1132 3439 1309 3504 Ecclesiae
1336 3440 1369 3503 in
1396 3439 1455 3504 hoc

341 3536 469 3600 mundo
490 3536 534 3598 ab
557 3535 798 3618 antiquissimis
821 3535 1030 3618 temporibus
1054 3555 1157 3618 usque
1181 3535 1224 3599 ad
1251 3535 1455 3598 hodiernum.

341 3628 459 3694 Status
479 3628 656 3693 Ecclesiae
674 3629 855 3693 hodiernus
873 3631 923 3694 ita
940 3628 1160 3694 describitur:

393 3772 497 3837 “Quod
515 3772 606 3822 vidisti
626 3771 724 3821 lerruru
743 3773 855 3822 mixtum
873 3787 932 3822 cum
950 3771 1046 3835 argilla
1062 3771 1118 3830 luti,
1137 3768 1350 3822 commiscebunt
1366 3787 1397 3822 se
1413 3785 1457 3836 per

471 3852 564 3888 remen
577 3837 704 3896 hominis,
718 3839 766 3887 sed
781 3852 836 3887 non
855 3839 1036 3888 cohaerebunt
1048 3853 1131 3888 unum
1150 3853 1209 3888 cum
1227 3839 1320 3897 altero,
1334 3838 1456 3902 quemad·

470 3905 581 3954 modum
593 3903 693 3954 lerrum
706 3918 761 3952 non
779 3905 968 3953 commiscetur
980 3918 1040 3953 curn
1052 3903 1169 3966 argilla'’
1180 3903 1263 3964 (Dan.
1275 3903 1301 3954 ii.
1312 3905 1373 3966 qai:

340 4071 400 4133 per
419 4049 592 4114 “serrum”
610 4049 818 4132 significatur
836 4050 965 4115 Verum
984 4051 1071 4127 fidei,
1091 4062 1130 4116 ut
1151 4049 1278 4116 distum
1296 4061 1373 4130 est;
1399 4049 1454 4115 sed

340 4163 419 4208 cum
446 4165 515 4208 non
542 4143 670 4207 Verum
696 4142 773 4208 fidei
799 4154 863 4220 est,
892 4145 952 4209 sed
980 4145 1081 4210 Fides
1107 4145 1234 4229 absque
1260 4166 1352 4222 vero,
1379 4157 1452 4210 tunc

340 4249 394 4302 est
408 4244 428 4271 “
439 4239 561 4302 serrum
578 4240 723 4302 mixtum
739 4258 815 4301 cum
831 4240 952 4322 argilla
968 4239 1058 4316 luti‚’'
1070 4263 1156 4324 quae
1172 4261 1241 4304 non
1253 4241 1451 4305 cohaerent:

339 4351 401 4414 per
432 4338 577 4395 “semen
606 4332 780 4408 hominis,”
810 4351 887 4396 cum
920 4354 987 4417 quo
1020 4355 1056 4398 se
1089 4334 1146 4398 illa
1176 4333 1450 4408 commiscebunt,

340 4422 551 4507 significatur
569 4425 696 4489 Verum
716 4424 842 4490 Verbi:
866 4426 920 4491 hic
940 4437 1050 4492 status
1073 4439 1126 4492 est
1148 4428 1325 4493 Ecclesiae
1347 4428 1451 4491 hodie.

338 4516 432 4599 Quid
457 4529 577 4602 postea
599 4519 745 4583 futurum
767 4521 822 4597 sit,
846 4521 1046 4587 describitur
1067 4523 1113 4587 ibi
1139 4523 1264 4608 paucis,
1287 4541 1373 4587 vers.
1395 4534 1450 4602 453

341 4613 401 4676 sed
420 4613 578 4696 pluribus,
599 4633 671 4696 cap.
690 4616 743 4678 vii.
767 4617 876 4696 13-18,
895 4631 944 4698 27.
