3384 5400
347 625 411 690 700
670 621 916 674 APOCALYPSIS
940 623 1150 675 REVELATA.

346 792 487 859 Caelum
506 803 541 856 et
561 793 746 870 Mundum;
770 804 804 857 et
823 792 907 857 haec
927 801 963 857 et
982 792 1039 857 illa
1054 793 1115 857 sibi
1134 815 1153 857 e
1172 794 1340 861 diametro
1359 814 1460 879 oppo-

346 891 411 952 sita
430 899 519 964 sunt,
539 890 626 959 sicut
649 888 819 951 Insernum
838 900 873 953 et
897 887 1047 953 Caelum.
1093 888 1188 952 Haec
1209 890 1406 965 dictasunt,
1426 900 1461 955 ut

345 984 469 1046 sciatur
487 984 577 1066 quod
596 1004 731 1065 prorsus
747 982 839 1046 nulla
858 982 916 1047 lux
937 982 1103 1057 lucernae,
1121 984 1185 1047 hoc
1205 993 1268 1059 est,
1286 984 1462 1049 illustratio

345 1088 381 1141 et
404 1078 482 1141 inde
505 1078 679 1159 perceptio
701 1078 770 1140 veri
792 1076 984 1160 spiritualis,
1004 1079 1048 1142 sit
1069 1078 1135 1141 illis
1158 1079 1213 1160 qui
1235 1079 1268 1140 in
1293 1076 1463 1159 Religioso

347 1171 555 1252 Babylonico
578 1193 622 1235 ex
646 1172 801 1236 doctrina
822 1182 858 1236 et
888 1194 934 1237 ex
960 1173 1031 1236 vita
1055 1174 1240 1237 secundum
1262 1172 1355 1239 illam
1377 1184 1462 1235 sunt.

346 1264 447 1347 Quod
471 1266 638 1329 Dominus
659 1267 702 1329 sit
726 1265 814 1340 Lux,
838 1287 883 1329 ex
907 1286 972 1349 qua
996 1267 1105 1335 omnis
1128 1265 1308 1331 illustratio
1329 1276 1366 1331 et
1391 1286 1463 1349 per·

345 1362 458 1443 ceptio
475 1362 545 1424 veri
563 1360 744 1443 spiritualis
764 1370 828 1436 est,
848 1370 944 1442 patet
960 1381 1008 1429 ex
1028 1360 1099 1425 his:

396 1520 414 1539 '¹
422 1514 485 1642 Lux(
488 1532 552 1647 {52²
560 1526 626 1595 erat,
635 1532 703 1644 qlm
708 1516 842 1567 illuminat
850 1532 958 1566 ornnem
968 1516 1105 1566 hominem
1113 1518 1267 1567 venientem
1277 1518 1304 1567 in
1315 1517 1441 1567 mundum
1450 1516 1463 1535 '¹

511 1598 525 1630 o
544 1596 579 1632 .ι.
590 1594 656 1643 4-12
675 1597 681 1643 ;

347 1722 430 1787 haec
450 1724 493 1787 de
512 1722 670 1787 Domino.

396 1878 415 1901 ‘⁴
424 1876 485 1926 Hoc
496 1885 538 1926 est
554 1876 690 1939 judicium,
704 1876 775 1961 qnod
794 1876 852 1926 Lux
863 1876 982 1925 venitin
1001 1875 1147 1936 mundum
1171 1877 1216 1941 qni
1233 1876 1297 1927 facit
1314 1876 1461 1934 veritatem,

475 1943 551 1991 venit
561 1943 595 1991 ad
609 1942 706 1991 Lucem
723 1941 814 2007 ’tJolc
829 1943 866 1991 iii.
883 1954 921 2005 19,
932 1942 989 2001 21);

396 2009 414 2032 ⁴⁴
421 2006 501 2122 Jmll
509 2008 583 2066 dixit,
592 2008 690 2121 ffipic
700 2009 778 2120 brev?
787 2018 893 2121 tensspus
905 2006 961 2057 Lux
970 2007 1157 2121 vobischumdest
1162 2045 1173 2122 t,
1186 2008 1321 2058 ambulate
1329 2022 1464 2123 qupusque

498 2088 574 2122 ucern
610 2088 627 2120 a
683 2088 705 2130 s,
720 2087 754 2121 ne
776 2086 827 2121 ene
848 2085 892 2122 rae
904 2087 953 2121 vos
970 2088 987 2121 a
1025 2087 1052 2122 re
1072 2088 1105 2121 en
1126 2088 1160 2121 sn
1193 2090 1199 2123 ε
1235 2088 1303 2122 uous
1322 2089 1356 2123 ue
1389 2086 1464 2123 ucern

475 2139 588 2196 habetis,
603 2138 701 2187 credite
713 2139 740 2187 in
754 2137 860 2195 Lucem,
875 2149 904 2188 ut
921 2138 967 2187 filli
987 2087 1064 2187 llllcis
1076 2137 1133 2187 sitis
1143 2138 1157 2157 ”
1169 2088 1245 2203 (Jol.
1257 2089 1355 2200 xiiqss,
1369 2139 1428 2199 3o);

394 2202 472 2269 Jesus
482 2204 556 2261 dixit,
570 2207 587 2227 ‘¹
596 2203 655 2265 Ego
667 2203 724 2252 Lux
741 2204 769 2252 in
787 2204 916 2252 mundum
930 2204 1000 2261 veni,
1013 2212 1043 2253 ut
1060 2204 1149 2255 omnis
1167 2204 1212 2267 qui
1229 2205 1312 2255 credit
1329 2205 1357 2254 in
1371 2203 1424 2263 Me,
1438 2204 1464 2253 in

475 2270 593 2319 tenebris
606 2283 660 2317 non
673 2268 802 2318 maneat”
814 2268 889 2333 (Joh.
904 2270 948 2318 xii.
961 2270 1019 2330 46),

394 2333 473 2450 {esus
484 2336 559 2393 dixit,
576 2334 660 2397 “Ego
673 2334 731 2383 Lux
742 2335 833 2383 mundi
846 2350 906 2383 sum
915 2334 930 2354 '’
942 2335 1016 2399 (Joln
1029 2334 1063 2384 ix.
1077 2334 1101 2395 5)
1111 2349 1117 2392 ;

413 2400 501 2449 imeon
510 2401 583 2457 dixit,
595 2402 612 2423 ¹⁴
620 2400 751 2449 Viderunt
758 2400 827 2449 oculi
835 2400 888 2449 mei
897 2400 1017 2449 Salutare
1025 2400 1122 2460 Tuum,
1133 2400 1231 2451 Lucem
1239 2400 1266 2450 in
1275 2400 1462 2451 revelationem

475 2467 596 2527 gentium
606 2464 620 2484 ”
632 2465 705 2527 (Luc.
717 2466 744 2515 ii.
757 2465 864 2525 30-32);

396 2530 542 2593 “Populus
559 2532 657 2580 sedens
674 2531 702 2579 in
720 2532 839 2580 tenebris
853 2530 1033 2587 viditLumen
1046 2545 1190 2593 magnum
1213 2530 1368 2581 sedentibus
1386 2531 1413 2581 ln
1425 2545 1463 2580 re·

423 2612 556 2778 1>jone
567 2607 594 2645 et
606 2598 701 2645 umbra
711 2598 814 2656 mortis,
829 2596 888 2645 Lux
899 2608 993 2647 exorta
1004 2607 1044 2647 est
1052 2596 1066 2615 ’¹
1078 2596 1187 2658 (Manli.
1201 2598 1237 2647 iv.
1251 2597 1296 2655 16;
1313 2597 1388 2662 Esaj.
1402 2598 1436 2647 lx.
1452 2606 1462 2643 1

490 2662 523 2711 B.
535 2664 569 2712 A.
585 2662 638 2724 2):

397 2730 415 2752 '¹
484 2729 492 2776 i
504 2728 543 2777 Te
561 2729 588 2776 in
601 2658 705 2777 lucem
717 2727 846 2790 gentium,
860 2737 890 2778 ut
907 2729 944 2778 sis
957 2728 1034 2778 Salus
1047 2727 1110 2778 Mea
1118 2743 1202 2792 nsque
1218 2729 1253 2778 od
1270 2729 1462 2779 extremitatem

478 2804 563 2843 terrae
571 2793 585 2812 ”
597 2793 681 2859 (Esaj.
692 2794 755 2844 xlix.
770 2793 812 2855 6);

397 2862 414 2882 ⁸¹
423 2857 494 2908 Urbs
503 2859 517 2879 ’'
530 2858 554 2907 N
557 2875 609 2908 ova
622 2859 814 2921 Hierosolyma
828 2861 907 2909 “non
920 2872 987 2921 opus
999 2859 1080 2908 habet
1092 2859 1149 2908 sole
1162 2869 1190 2908 et
1201 2859 1264 2908 luna
1275 2868 1304 2908 ut
1316 2859 1421 2910 luceant
1438 2859 1461 2906 in

476 2925 529 2981 illa,
540 2925 627 2985 gloria
638 2925 709 2973 enirn
724 2925 773 2974 Dei
785 2925 901 2974 illustrat
910 2925 993 2984 illem,
1005 2935 1031 2974 et
1045 2925 1164 2974 Lucerna
1176 2924 1234 2986 ejus
1247 2925 1344 2987 Agnus
1352 2924 1366 2944 '¹
1377 2925 1461 2989 (Apud

476 2991 530 3040 xxi.
542 3003 590 3050 23,
608 3005 666 3053 cap.
677 3005 741 3039 xxn.
755 2991 787 3052 5).

347 3151 403 3214 Ex
420 3152 471 3215 his
487 3162 594 3235 patet,
607 3154 697 3235 quod
715 3152 880 3217 Dominus
896 3154 939 3216 sit
956 3151 1033 3216 Lux
1050 3173 1094 3217 ex
1111 3173 1176 3236 qua
1191 3154 1301 3218 omnis
1316 3153 1460 3218 illustra·

347 3247 399 3311 tio
417 3257 453 3310 et
476 3247 554 3313 inde
573 3248 747 3331 perceptio
765 3248 856 3310 veri:
891 3256 926 3310 et
950 3248 1026 3330 quia
1046 3247 1210 3311 Dominus
1229 3259 1281 3320 est
1304 3247 1393 3324 Lux,
1412 3258 1462 3312 est

347 3339 511 3404 Diabolus
534 3341 675 3422 Caligo;
699 3353 733 3405 et
757 3340 919 3404 Diabolus
942 3351 995 3404 est
1019 3340 1128 3404 Amor
1151 3343 1346 3408 dominandi
1367 3361 1463 3425 super

344 3437 459 3516 omnia
475 3434 602 3507 Sancta
618 3436 740 3498 Divina
757 3436 904 3504 Domini,
918 3455 956 3498 ac
974 3437 1021 3500 ita
1038 3457 1136 3518 super
1153 3436 1266 3518 Ipsum
1280 3458 1287 3514 ;
1310 3448 1345 3502 et
1359 3457 1461 3520 quan·

346 3539 418 3590 tum
444 3529 543 3596 datur
572 3529 619 3592 illi
649 3529 844 3604 dominium,
870 3539 1003 3593 tantum
1027 3527 1153 3594 Sancta
1176 3531 1298 3595 Divina
1327 3529 1461 3602 Domini

346 3620 484 3703 caligat,
504 3625 703 3706 exstinguit,
722 3624 897 3689 succendit
916 3634 951 3686 et
970 3626 1091 3690 exurit.

407 3736 502 3806 797·
530 3731 549 3760 ¹‘
557 3724 595 3787 fr
614 3745 670 3788 m
681 3725 788 3806 sponsi
797 3730 831 3788 et
842 3743 974 3806 sponsos
988 3744 1048 3788 non
1061 3725 1204 3788 audietur
1212 3725 1243 3788 ter
1258 3733 1289 3789 te
1303 3728 1451 3808 ampliurf

344 3812 516 3894 significat
532 3815 622 3894 quod
639 3814 713 3878 illis
735 3816 796 3896 qui
815 3815 853 3877 in
867 3813 1041 3896 Religioso
1055 3816 1121 3878 isto
1142 3837 1184 3878 ex
1198 3817 1353 3880 dollrina
1372 3828 1405 3880 et
1424 3833 1463 3880 cr

346 3903 419 3983 vita
441 3905 618 3986 secundum
632 3904 729 3968 illam
744 3914 832 3979 sunt,
850 3905 899 3967 sit
920 3903 1013 3966 nulla
1026 3905 1209 3987 conjitntlio
1230 3905 1310 3970 boni
1327 3916 1361 3970 et
1380 3907 1458 3976 veri,

346 4018 430 4079 quae
428 3997 520 4076 facit
528 3995 824 4059 [inlesum-Per
836 4002 855 4027 ¹⁶
865 4015 983 4060 vocem
992 3995 1007 4021 ”
1020 3997 1072 4059 hic
1082 3995 1288 4078 significatur
1295 3999 1461 4080 gaudium,

346 4092 423 4174 quia
435 4102 487 4154 est
499 4092 612 4171 sponsi
623 4101 657 4153 et
671 4110 824 4172 sponsae.
856 4090 917 4153 Per
929 4097 948 4122 “
958 4087 1126 4172 Sponsum
1134 4090 1149 4116 ’'
1159 4088 1359 4174 intelligitur
1368 4095 1402 4156 in
1411 4114 1462 4156 su·

347 4206 464 4268 premo
475 4183 581 4248 Sensu
594 4185 758 4247 Dominus
768 4185 879 4266 quoad
891 4185 1048 4248 Divinum
1060 4183 1203 4258 Bonum,
1212 4195 1246 4248 et
1260 4206 1319 4268 per
1328 4193 1347 4219 “
1357 4186 1461 4270 Spon-

347 4279 443 4343 sam”
456 4277 656 4360 intelligitur
669 4278 824 4342 Ecclesia
836 4278 947 4360 quoad
961 4279 1118 4342 Divinum
1132 4277 1260 4342 Verum
1273 4301 1293 4344 a
1306 4281 1462 4356 Domino;

347 4373 503 4438 Ecclesia
521 4375 610 4436 enirn
630 4371 683 4436 est
702 4372 857 4437 Ecclesia
876 4394 920 4436 ex
941 4375 1134 4455 receptione
1154 4373 1267 4438 Divini
1290 4375 1375 4440 Boni
1399 4377 1464 4440 Do·

349 4467 428 4530 mini
452 4467 485 4530 in
508 4467 638 4531 Divinis
660 4469 748 4531 veris
767 4488 853 4550 quae
876 4479 954 4532 sunt
978 4469 1021 4530 ab
1044 4468 1132 4550 Ipso.
1177 4466 1278 4549 Quod
1302 4470 1462 4534 Dominus

348 4563 478 4626 dicatur
495 4561 645 4644 Sponsus
663 4572 698 4626 et
717 4584 850 4646 quoque
871 4561 1022 4638 Maritus,
1040 4572 1075 4625 et
1094 4562 1184 4646 quod
1204 4561 1360 4628 Ecclesia
1374 4565 1461 4628 dica·

1454 3725 1463 3752 Ι
