3384 5400
493 711 572 761 cnr.
590 712 679 774 xxx,
697 712 798 762 vous
820 714 945 781 19.-N.
961 716 1032 782 914.
1261 700 1318 761 821

258 894 357 963 914.
383 890 468 958 [νινε.
484 888 537 956 ¹9·]
563 878 628 941 *fr
643 878 840 942 fundumenta
853 878 1030 942 muniretis
1046 878 1127 941 amni
1138 878 1238 959 lapids
1249 896 1322 958 pre.-

200 968 276 1032 tiara
289 967 477 1040 exornatu,”
492 966 661 1049 significat
677 967 766 1050 quad
784 969 898 1032 amnia
917 968 1089 1031 doiirinae
1104 968 1222 1031 Novae
1238 966 1321 1029 Hie-

198 1060 379 1141 rosolymae
398 1079 441 1122 ex
463 1058 569 1123 Sensu
591 1060 708 1123 literae
733 1058 834 1123 Verbi
853 1060 1027 1141 desumpta
1050 1060 1145 1141 apud
1163 1058 1239 1122 illos
1262 1059 1324 1141 qni

197 1154 247 1217 ibi
257 1164 344 1227 runt,
361 1153 567 1235 apparitura
582 1153 652 1217 sint
665 1154 700 1216 in
715 1153 783 1217 lnce
797 1154 972 1218 secundum
988 1153 1321 1235 receptionem-Per

200 1248 406 1311 “duodecim
441 1247 684 1310 fundamenta”
719 1246 952 1330 significantur
992 1249 1108 1311 omnia
1143 1245 1319 1318 doctrinae

200 1341 246 1423 (n.
276 1341 375 1424 902);
409 1362 467 1424 per
502 1340 685 1404 “murum'’
716 1340 927 1424 significatur
956 1341 1108 1405 Verbum
1142 1344 1175 1405 in
1210 1342 1319 1407 Sensu

199 1436 316 1500 literae
348 1434 395 1518 (n.
426 1435 524 1518 898);
559 1457 617 1517 per
650 1437 797 1500 “urbem
830 1434 985 1501 sanciam
1021 1434 1322 1517 Hierosolymam''

198 1530 406 1613 significatur
441 1530 541 1593 Nova
577 1530 714 1594 Domini
751 1529 908 1594 Ecclesia
945 1529 992 1613 (n.
1024 1532 1095 1611 879,
1128 1530 1226 1613 880);
1262 1553 1321 1615 per

200 1624 376 1706 “lapidem
399 1622 601 1707 pretiosum”
620 1624 828 1706 significatur
845 1623 997 1688 Verbum
1020 1626 1054 1687 in
1074 1623 1181 1689 Sensu
1202 1626 1322 1691 literae

197 1717 372 1802 pellucens
387 1740 432 1782 ex
449 1717 557 1782 Sensu
569 1719 731 1800 spirituali
748 1718 817 1799 ejus
836 1716 883 1802 (n.
901 1735 973 1799 231,
990 1733 1061 1801 540,
1075 1720 1147 1801 726,
1161 1719 1260 1803 911);
1285 1732 1320 1785 et

197 1814 356 1898 quiahoc
378 1812 415 1876 fit
438 1813 623 1876 secundum
642 1815 885 1896 receptionem,
905 1814 982 1877 ideo
1001 1813 1210 1895 significatur
1229 1817 1319 1897 quod

197 1915 311 1976 omnia
323 1913 499 1976 doctrinae
514 1932 559 1975 ex
573 1911 689 1975 Verbo
704 1914 794 1994 apud
810 1912 888 1977 illos
904 1915 1097 1996 apparitura
1109 1915 1177 1977 sint
1193 1916 1227 1978 in
1245 1915 1319 1979 luce

197 2008 383 2071 secundum
399 2006 640 2088 receptionem.
686 2004 806 2069 Omnis
825 2009 880 2090 qui
901 2028 968 2071 non
988 2028 1070 2072 sane
1089 2010 1232 2091 cogitat,
1251 2030 1319 2073 non

196 2111 314 2185 potest
333 2102 470 2164 credere
492 2100 583 2182 quod
604 2102 718 2164 omnia
738 2100 915 2165 Ecclesiae
935 2121 1044 2165 novae
1064 2104 1195 2185 possint
1214 2124 1318 2187 appa·

196 2218 270 2261 rere
285 2197 318 2259 in
335 2195 429 2271 luce;
452 2205 488 2258 at
505 2196 615 2258 sc'iant
627 2196 717 2278 quod
733 2196 884 2276 possint:
909 2216 988 2259 nam
1002 2198 1106 2260 cuivis
1122 2198 1249 2261 homini
1265 2210 1318 2264 est

196 2291 365 2373 cogitatio
380 2290 531 2354 exterior
546 2298 582 2353 et
601 2290 758 2367 interior3
782 2291 950 2371 cogitatio
968 2292 1107 2354 interior
1122 2303 1174 2357 est
1194 2293 1226 2355 in
1244 2292 1318 2358 luce

197 2384 292 2450 Caeli
318 2394 352 2448 et
379 2393 522 2447 vocatur
552 2384 737 2465 perceptio,
766 2394 801 2447 et
829 2386 995 2466 cogitatio
1022 2386 1172 2449 exterior
1201 2397 1254 2450 est
1284 2389 1318 2451 in

196 2481 273 2543 luce
296 2479 430 2556 mundi;
465 2498 505 2541 ac
532 2475 726 2541 intellectus
750 2478 839 2560 apud
867 2482 1122 2561 unumquemvis
1145 2481 1316 2545 hominem

196 2573 276 2637 talis
295 2583 348 2637 est
369 2583 406 2635 ut
428 2573 537 2655 possit
556 2571 681 2635 elevari
700 2591 804 2655 usque
823 2573 855 2634 in
876 2571 986 2636 lucem
1006 2570 1109 2649 Caeli,
1131 2584 1165 2638 et
1184 2596 1316 2658 quoque

196 2668 350 2733 elevatur
368 2667 395 2730 si
413 2686 458 2730 ex
477 2665 591 2749 aliquo
606 2663 754 2747 jucundo
772 2665 846 2731 vult
864 2667 978 2731 videre
997 2687 1133 2746 verum;
1156 2670 1246 2752 quod
1269 2672 1318 2734 ita

195 2765 252 2832 sit.
272 2783 332 2845 per
353 2761 497 2824 multam
520 2762 766 2843 experientiam
785 2763 871 2824 scire
890 2762 1007 2825 datum
1031 2772 1094 2836 est,
1115 2764 1157 2826 de
1180 2785 1245 2846 qua
1268 2768 1316 2828 vi·
1354 2835 1359 2841 ,

194 2857 341 2920 deantur
363 2855 527 2919 mirabilia
550 2856 584 2918 in
608 2855 781 2936 Sapientia
799 2855 962 2937 Angelica
983 2856 1024 2919 a'e
1045 2857 1172 2921 Drinina
1193 2859 1316 2923 Pravi-

196 2952 320 3023 dentia,
348 2961 384 3014 et
411 2950 520 3013 adhuc
552 2949 647 3032 plura
677 2950 710 3012 in
742 2949 916 3034 Sapientia
941 2950 972 3012 A
979 2949 1105 3032 ngelica
1130 2951 1170 3014 de
1194 2952 1318 3018 Divino

193 3045 322 3108 Amare
351 3054 384 3107 et
413 3043 542 3107 Dira'na
572 3043 769 3124 Sapientia:
803 3065 881 3108 nam
909 3045 1092 3125 jucundum
1125 3049 1249 3110 amoris
1281 3059 1317 3113 et

194 3141 383 3222 sapientiae
399 3138 511 3202 elevat
528 3138 785 3220 cogitationem,
800 3148 837 3201 ut
853 3139 966 3202 videat
983 3141 1069 3204 sicut
1086 3142 1119 3203 in
1136 3141 1210 3204 luce
1226 3143 1316 3224 quod

192 3236 244 3298 ita
267 3235 322 3306 sit,
342 3234 481 3297 tametsi
503 3253 572 3295 non
595 3233 684 3314 prius
706 3233 881 3296 audiverat
904 3233 985 3296 illa·
1019 3233 1114 3298 Haec
1139 3235 1209 3310 lux,
1229 3257 1316 3318 quae

193 3339 348 3392 mentem
367 3326 526 3400 illustrat,
546 3347 614 3389 non
634 3325 768 3390 aliunde
788 3327 894 3392 influit
913 3348 1013 3410 quam
1035 3349 1053 3390 e
1073 3327 1178 3391 Caelo
1201 3350 1220 3391 a
1243 3329 1315 3392 Do-

193 3425 308 3496 mino;
342 3431 377 3484 et
401 3422 477 3504 quia
499 3420 547 3484 illi
570 3422 625 3502 qui
650 3441 668 3483 e
692 3440 780 3483 nova
801 3419 1041 3503 Hierosolyma
1059 3432 1168 3497 erunt,
1189 3420 1315 3487 dircite

191 3517 318 3581 adituri
336 3525 415 3580 sunt
435 3514 630 3588 Dominum,
650 3514 710 3578 lux
728 3515 786 3578 illa
805 3515 911 3580 influit
930 3517 983 3578 via
1002 3516 1138 3592 ordinis,
1156 3538 1241 3599 quae
1260 3529 1314 3582 est

191 3633 255 3696 per
277 3630 428 3674 amorem
451 3610 637 3674 voluntatis
661 3611 693 3673 in
718 3612 973 3693 perceptionem
996 3609 1200 3674 intelletius.
1245 3612 1314 3677 Ast

190 3708 250 3790 qui
273 3704 558 3768 confirmaverunt
578 3705 666 3786 apud
691 3724 726 3767 se
749 3704 831 3767 illud
851 3705 988 3786 dogma,
1008 3706 1098 3788 quod
1121 3704 1314 3770 intelledtus

190 3805 225 3865 in
252 3799 457 3882 theologicis
474 3799 555 3862 nihil
574 3800 704 3862 visurus
722 3801 777 3875 sit,
797 3800 857 3862 sed
877 3799 967 3882 quod
986 3819 1088 3863 caece
1108 3801 1313 3865 credendum

189 3899 237 3960 sit
265 3895 356 3976 quod
383 3892 540 3957 Ecclesia
566 3894 680 3967 docet,
703 3893 752 3956 illi
779 3912 846 3956 non
874 3904 1016 3976 possunt
1040 3893 1175 3976 aliquod
1199 3915 1313 3958 verum

189 3992 224 4053 in
247 3987 323 4050 luce
341 3987 465 4060 videre,
482 3987 725 4050 obstruxerunt
742 3989 831 4050 enim
851 3990 940 4051 viam
961 3986 1043 4051 lucis
1062 3988 1150 4070 apud
1169 4009 1224 4051 se:
1249 3989 1313 4052 hoc

188 4085 323 4164 dogma
345 4082 482 4144 retinuit
505 4080 662 4144 Ecclesia
681 4081 954 4146 Reformatorum
978 4103 1022 4146 ex
1047 4081 1223 4163 Religioso
1242 4083 1313 4146 Ro-

189 4195 298 4239 mano
325 4174 515 4250 Catholico,
543 4176 633 4257 quod
660 4175 764 4239 tradit
790 4176 881 4258 quod
908 4175 1019 4239 nullus
1046 4187 1180 4259 praeter
1206 4178 1312 4258 ipsam

188 4267 397 4343 Ecclesiam,
428 4289 487 4351 per
519 4289 620 4352 quam
653 4269 851 4351 intelligunt
884 4269 1083 4334 Pontificem
1116 4281 1151 4333 et
1189 4269 1313 4352 Papale

188 4364 450 4437 Consistorium,
468 4365 750 4447 interpretaturus
766 4366 809 4428 sit
826 4362 988 4438 Verbum,
1007 4375 1041 4428 et
1061 4365 1150 4448 quod
1169 4366 1224 4447 qui
1244 4385 1312 4428 non

187 4459 259 4523 fide
277 4455 494 4540 amplectitur
512 4460 626 4521 omnia
644 4455 817 4522 dottrinae
840 4459 884 4521 ab
903 4458 1058 4522 Ecclesia
1077 4459 1234 4534 traditae,
1252 4479 1312 4541 pro

188 4553 368 4620 haeretico
392 4552 567 4615 habendus
594 4553 648 4627 sit,
672 4562 707 4616 et
734 4553 824 4636 quod
848 4553 1031 4616 anathema
1054 4555 1116 4617 sit:
1151 4554 1241 4636 quod
1265 4556 1313 4616 ita

187 4651 247 4726 sit,
271 4655 413 4711 constat
435 4667 481 4710 ex
504 4645 653 4711 clausula
678 4644 819 4712 Caecilii
845 4646 1033 4710 Tridentini
1054 4651 1087 4712 in
1109 4669 1177 4732 quo
1200 4650 1312 4711 omnia
