3384 5400
493 680 827 743 cnr.xv111.,vsns.
846 680 973 750 19.—n.
988 670 1060 751 789.
1271 669 1330 751 691

213 850 385 935 “lugere''
403 848 513 917 luctus
531 850 662 929 cordis;
694 871 754 935 per
773 849 887 927 “Vae,
907 872 981 929 vae,
1001 851 1078 915 urbs
1101 850 1189 915 ista”
1207 850 1334 935 signifi-

213 957 312 1011 catur
329 949 442 1029 gravis
464 945 666 1011 lamentatio
684 966 783 1029 super
801 942 1029 1011 destructione
1052 956 1086 1011 et
1106 948 1333 1012 damnatione.

213 1040 317 1123 Quod
334 1050 354 1074 ‘⁶
365 1062 427 1106 vae
435 1041 451 1066 ”
462 1042 629 1124 significet
645 1042 925 1105 lamentationem
941 1062 1040 1124 super
1058 1043 1263 1117 calamitate,
1283 1045 1333 1106 in·

211 1137 388 1213 felicitate,
399 1147 434 1201 et
445 1138 674 1213 damnatione,
685 1147 720 1201 et
731 1138 810 1201 inde
821 1142 916 1212 “vae,
928 1136 1007 1201 vae”
1017 1158 1156 1220 gravem
1169 1138 1334 1203 lamenta·

212 1234 354 1305 tionem,
368 1234 522 1297 videatur
538 1252 569 1295 n.
584 1233 657 1311 416,
670 1233 743 1313 769,
756 1233 838 1313 785;
861 1240 897 1295 et
913 1234 1003 1315 quod
1020 1238 1040 1265 “
1050 1233 1127 1297 urbs
1135 1232 1151 1256 ’⁹
1165 1232 1333 1315 significet

213 1328 426 1409 Religiosum
455 1327 548 1402 illud,
576 1347 609 1391 n.
638 1329 711 1409 785,
738 1338 774 1391 et
803 1326 892 1391 alibi.
948 1326 1050 1409 Quod
1080 1348 1139 1410 per
1171 1330 1334 1393 “mittere

213 1422 389 1507 pulverem
408 1442 506 1504 super
525 1422 649 1503 caput”
665 1420 871 1503 significetur
890 1423 1027 1486 interior
1050 1422 1148 1485 dolor
1165 1432 1201 1485 et
1225 1421 1333 1486 ludius

213 1526 355 1602 propter
369 1512 634 1581 destruilionem
653 1526 688 1579 et
707 1517 972 1593 damnationem,
989 1526 1127 1580 constat
1145 1538 1190 1580 ex
1209 1516 1260 1581 his
1279 1538 1332 1581 se·

212 1612 415 1696 quentibus:

266 1761 454 1812 “Clamabunt
465 1774 565 1819 amare,
579 1769 606 1810 et
622 1760 766 1810 ascendere
777 1758 877 1809 iactent
890 1759 1031 1810 Pulverem
1044 1774 1124 1823 super
1135 1760 1221 1824 capite
1233 1775 1292 1821 suo,
1306 1772 1334 1812 et

346 1828 374 1877 in
387 1827 484 1877 Cinere
495 1826 608 1877 volvent
618 1841 648 1876 se
657 1825 671 1846 ”
683 1826 786 1889 (Erech.
797 1826 879 1876 xxvii.
891 1826 950 1887 30);

266 1893 391 1944 “Sedent
408 1893 436 1941 in
453 1902 525 1943 terra
539 1888 683 1977 [seniores]
699 1890 880 1984 filiee·Zioni.s,
894 1890 1038 1941 ascendere
1053 1890 1173 1941 iecerunt
1192 1890 1333 1942 Pulverem

264 1957 897 2109 Amicsslffiggftlgdfflqflssffi¹ssussl’et
919 2031 1075 2086 sparserunt
1094 2020 1235 2073 Pulverem
1253 2038 1334 2087 super

266 2159 285 2183 ‘⁸
293 2088 753 2217 Desitiideniiieddldldpbeill‘diiire,
763 2154 817 2204 filia
824 2154 931 2204 Babelis
941 2168 947 2214 ;
959 2154 1022 2203 sede
1030 2153 1058 2203 in
1066 2162 1144 2211 terra,
1155 2168 1211 2203 non
1221 2154 1334 2205 thronus

346 2222 416 2271 tibi''
427 2220 510 2286 (Eraj.
524 2221 598 2271 xlvii.
614 2221 646 2283 1).

264 2287 386 2352 (Praeter
396 2286 482 2351 alibi.)

215 2428 318 2513 Quod
334 2430 485 2494 miserint
503 2428 675 2512 pulverem
691 2449 790 2512 super
808 2429 921 2511 capita
936 2449 1011 2493 cum
1031 2429 1148 2493 intime
1164 2427 1331 2505 dolerent,

214 2536 289 2591 erat
312 2545 423 2601 causa,
442 2525 519 2607 quia
538 2524 674 2607 “pulvis
682 2524 698 2549 ”
716 2524 929 2606 significabat
947 2524 1145 2588 damnatum

263 2678 314 2744 (Ut
325 2689 398 2745 patet
407 2694 440 2730 ex
452 2679 511 2730 Gen.
522 2678 559 2730 lli.
572 2690 620 2740 14:
636 2678 773 2788 Mi
786 2690 832 2740 14;
850 2680 934 2730 Mon.
946 2678 982 2731 rt.
997 2690 1044 2740 11;
1061 2674 1142 2732 Luem
1151 2693 1176 2730 x.
1190 2678 1295 2742 10-12);

213 2846 250 2901 et
271 2833 409 2919 “pulvis
432 2853 531 2917 snper
553 2833 687 2916 capite”
705 2833 985 2916 repraesentabat
1007 2834 1219 2916 agnitionem
1243 2835 1334 2918 quod

214 2952 261 2995 ex
279 2951 316 2994 se
332 2930 484 2994 damnati
501 2939 626 3004 essent,
644 2938 678 2992 et
697 2929 744 2992 sic
763 2929 1007 3010 paenitentiam

548 3075 596 3140 (Ut
607 3077 705 3127 Mattt.
717 3076 752 3126 xl.
766 3087 796 3126 αι
808 3089 815 3134 ;
832 3075 897 3127 Luc.
908 3091 934 3126 x.
948 3075 1003 3138 13);

214 3231 307 3316 quod
331 3229 491 3314 “pulvis''
512 3229 679 3313 significet
702 3230 913 3304 damnatum,
937 3239 990 3293 est
1020 3230 1097 3312 quia
1122 3239 1213 3294 terra
1236 3250 1334 3313 super

215 3326 345 3390 inferna
359 3328 392 3387 in
405 3325 531 3389 mundo
543 3324 706 3407 spirituali
719 3325 875 3388 consistit
890 3344 935 3387 ex
952 3343 1045 3388 mero
1058 3324 1194 3407 pulvere
1206 3325 1333 3408 absque

216 3421 369 3503 gramine
387 3429 422 3482 et
440 3419 553 3482 herba.

276 3511 377 3595 789.
404 3511 464 3572 'ln
485 3529 545 3593 quo
566 3509 740 3574 dr'tctirrmt
758 3509 1024 3574 innocontiam
1038 3530 1132 3575 nores
1152 3511 1183 3574 r'n
1196 3512 1279 3574 mori
1296 3531 1336 3575 or

214 3601 407 3684 pretiositate
420 3601 499 3684 ojor,
514 3600 585 3684 quio
599 3620 659 3664 oon
672 3599 750 3664 toro
763 3599 918 3664 dorortotr'
928 3601 1036 3674 root,''
1050 3601 1216 3683 significat
1227 3611 1333 3683 prop·

218 3704 271 3757 ter
298 3694 347 3770 id,
371 3695 463 3778 quod
481 3704 547 3775 per
574 3693 691 3757 santia
715 3693 885 3775 Religiosi
910 3693 1010 3757 ritrirs
1038 3713 1158 3768 omnes,
1181 3703 1336 3776 quotquot

217 3810 322 3852 emm
341 3788 469 3864 vellent,
487 3787 670 3870 propitrbti
691 3788 770 3862 sint,
792 3797 824 3850 et
849 3798 914 3882 pro
942 3787 1075 3851 divitiis
1098 3787 1274 3852 mundanis
1304 3799 1336 3850 rt

219 3883 430 3964 temporariis
459 3881 637 3963 receperint
665 3881 804 3946 divitias
827 3881 1022 3962 spirituales
1051 3901 1089 3944 ac
1117 3891 1280 3956 aeternos,
1303 3893 1336 3945 et

218 3977 308 4059 quod
325 3997 408 4040 nunc
429 3997 492 4039 non
513 3975 753 4059 alique—Per
777 3977 906 4041 “ditari
930 3997 975 4040 ex
1006 3977 1219 4058 pretiositate
1242 3976 1311 4060 ejus
1320 3977 1334 4000 ''
1391 4007 1397 4017 =

219 4071 426 4153 significatur
447 4091 507 4154 per
528 4068 647 4134 santia
669 4071 833 4153 Religiosi
856 4071 951 4135 istius
973 4072 1145 4154 propitiari
1170 4071 1255 4146 Deo,
1276 4091 1334 4134 seu

218 4167 356 4230 credere
370 4167 461 4248 quod
476 4186 537 4248 pro
554 4166 718 4229 mercibus
730 4187 788 4229 seu
800 4167 924 4230 divitiis
937 4165 1179 4248 temporalibus
1194 4177 1229 4229 et
1246 4176 1334 4229 tem·

218 4261 357 4342 porariis
369 4261 531 4342 recipiant
547 4279 676 4324 merces
691 4281 751 4323 seu
762 4261 896 4324 divitias
909 4261 1098 4342 spirituales
1110 4280 1149 4324 ac
1165 4270 1332 4332 aeternas

217 4355 282 4417 hoc
298 4365 362 4428 est,
379 4354 468 4436 quod
484 4373 545 4436 pro
560 4374 651 4429 auro,
665 4365 820 4436 argento,
833 4355 945 4436 lapide
957 4356 1116 4436 pretioso,
1133 4355 1333 4436 margaritis,

218 4467 372 4530 purpura,
395 4456 430 4511 et
453 4449 595 4511 caeteris
617 4468 703 4531 quae
724 4469 810 4513 vers.
832 4465 880 4524 12,
904 4465 951 4529 13,
975 4457 1223 4522 enumerantur,
1246 4447 1334 4510 acci·

218 4543 313 4624 piant
329 4539 581 4606 benediiiiones
596 4563 636 4606 ac
650 4542 830 4607 felicitates
845 4552 923 4625 post
940 4553 1083 4607 mortem
1099 4563 1106 4620 ;
1130 4542 1213 4606 haec
1233 4541 1333 4604 intel·

157 4670 159 4673 ·
219 4636 367 4719 liguntur
390 4656 449 4720 per
472 4636 776 4720 “pretiositatem’'
798 4657 923 4721 quase
945 4637 1061 4701 dicunt
1091 4657 1135 4700 ex
1167 4635 1248 4700 urbe
1276 4635 1334 4698 illa
