3384 5400
326 609 387 671 812
647 620 893 672 APOCALYPSIS
916 620 1126 673 navatam.

325 791 439 853 omnia
467 788 536 871 ejus
568 791 615 873 (n.
634 806 686 873 79,
703 807 774 871 233,
791 789 880 874 790),
904 792 957 857 hic
987 792 1099 875 quoad
1125 794 1239 857 omnia
1269 791 1442 859 dudlrinae

325 888 406 968 ejus,
429 889 506 969 quia
535 888 672 951 nomina
693 887 826 951 illorum
849 890 975 970 scrIpta
1004 898 1082 953 sunt
1113 910 1211 971 super
1236 890 1442 953 “duodecim

324 981 580 1057 fundamentis,”
598 1002 657 1063 per
679 1002 764 1063 quae
786 980 1019 1064 significantur
1037 984 1151 1047 omnia
1173 981 1348 1047 doctrinae
1371 984 1443 1049 No·

325 1096 388 1139 vae
423 1075 682 1156 Hierosolymae
719 1074 766 1157 (n.
802 1074 904 1159 902);
942 1096 1001 1159 per
1038 1078 1244 1143 “duodecim
1280 1080 1419 1141 nomina
1429 1079 1444 1104 ”

324 1168 531 1251 significatur
550 1188 649 1232 omne
668 1170 767 1252 quale
785 1170 866 1251 ejus,
885 1180 921 1235 et
945 1190 1045 1235 omne
1068 1171 1167 1255 quale
1189 1171 1260 1253 ejus
1282 1193 1318 1235 se
1342 1173 1443 1237 refert

323 1264 367 1327 ad
386 1264 453 1327 duo
471 1265 504 1326 in
523 1262 687 1327 Doctrina
705 1274 740 1327 et
762 1264 841 1328 inde
860 1266 893 1327 in
913 1264 1068 1329 Ecclesia
1086 1266 1154 1341 illa,
1173 1267 1217 1330 de
1240 1266 1389 1331 Domino
1407 1280 1444 1331 et

323 1360 366 1421 de
383 1357 465 1422 Vita
483 1358 666 1422 secundum
683 1368 844 1440 precepta
860 1359 988 1441 Ipsius;
1011 1360 1089 1425 ideo
1103 1361 1186 1425 haec
1203 1360 1443 1443 significantur.

324 1452 425 1533 Quod
455 1454 568 1515 omnia
591 1448 774 1516 Doctrinae
798 1452 917 1517 Novae
942 1453 1203 1535 Hierosolymae
1231 1476 1267 1519 se
1296 1456 1444 1519 reserant

322 1548 366 1611 ad
385 1546 443 1610 illa
460 1548 538 1622 duo,
554 1556 607 1609 est
626 1549 702 1629 quia
720 1556 800 1610 sunt
816 1548 1015 1611 universalia
1031 1548 1111 1629 ejus,
1128 1569 1174 1611 ex
1193 1551 1310 1631 quibus
1329 1552 1443 1613 omnia

323 1642 505 1723 singularia
533 1641 695 1723 pendent,
719 1651 754 1704 et
784 1652 863 1705 sunt
893 1641 1087 1705 essentialia
1111 1664 1157 1705 ex
1185 1644 1303 1725 quibus
1329 1647 1444 1709 omnia

322 1735 474 1799 formalia
491 1736 699 1817 procedunt;
723 1747 802 1800 sunt
820 1736 898 1799 inde
917 1738 1003 1801 sicut
1023 1738 1135 1800 anima
1152 1747 1190 1801 et
1205 1737 1276 1801 vita
1293 1739 1443 1803 omnium

322 1828 495 1894 doctrinae
525 1830 615 1910 ejus:
650 1840 728 1893 sunt
752 1831 886 1912 quidem
917 1832 994 1903 duo,
1019 1832 1078 1895 sed
1109 1850 1178 1894 non
1202 1841 1316 1913 potest
1340 1854 1442 1897 unum

321 1926 468 2008 separari
491 1925 535 1988 ab
556 1924 675 1999 altero,
699 1945 778 1987 nam
801 1944 956 2007 separare
986 1925 1043 1988 illa
1066 1925 1152 1989 foret
1175 1927 1262 1990 sicut
1284 1946 1442 2009 separare

323 2019 505 2083 Dominum
524 2019 568 2081 ab
582 2018 728 2093 homine,
745 2030 779 2082 et
798 2020 970 2083 hominem
989 2041 1010 2082 a
1029 2021 1198 2097 Domino;
1221 2030 1256 2085 et
1276 2030 1355 2085 tunc
1373 2042 1442 2085 non

322 2125 375 2178 est
399 2114 562 2177 Ecclesia.
609 2113 704 2176 Haec
728 2114 796 2177 duo
818 2111 997 2193 conjundta
1023 2124 1101 2177 sunt
1124 2116 1210 2177 sicut
1234 2115 1319 2177 duae
1343 2118 1442 2178 tabu·

323 2211 377 2273 lae
389 2208 513 2291 Legis,
533 2227 673 2290 quarum
696 2227 762 2270 una
781 2208 935 2271 continet
958 2208 1015 2272 illa
1033 2230 1118 2291 quae
1142 2207 1279 2271 Domini
1298 2219 1387 2283 sunt,
1407 2222 1442 2275 et

321 2305 429 2368 altera
459 2324 544 2385 quae
574 2303 738 2379 hominis,
774 2322 877 2384 quare
907 2312 1072 2366 vocantur
1101 2303 1229 2378 foedus,
1259 2314 1295 2367 et
1325 2303 1442 2368 foedus

321 2398 488 2481 significat
512 2392 793 2476 conjunctionem.
842 2396 967 2478 Cogita
989 2398 1068 2480 quid
1090 2398 1177 2460 soret
1201 2416 1276 2461 cum
1300 2398 1365 2461 illis
1388 2409 1442 2462 ta·

320 2492 408 2555 bulis
429 2491 543 2571 Legis,
563 2492 591 2553 si
613 2492 719 2571 prima
742 2490 851 2553 solum
875 2502 1028 2555 exstaret
1049 2500 1085 2555 et
1103 2490 1211 2555 altera
1228 2491 1441 2569 avelleretur,

320 2587 375 2650 vel
398 2588 425 2649 si
451 2585 558 2648 altera
581 2594 735 2647 exstaret
767 2595 801 2648 et
832 2586 939 2666 prima
962 2584 1186 2667 avelleretur;
1221 2604 1336 2650 annon
1354 2586 1441 2651 soret

321 2683 405 2746 sicut
439 2680 532 2744 Deus
561 2698 629 2742 non
659 2679 789 2743 videret
819 2679 1001 2754 hominem,
1032 2689 1090 2743 aut
1123 2680 1209 2743 sicut
1240 2681 1343 2745 homo
1373 2703 1441 2746 non

320 2778 449 2839 videret
480 2775 600 2850 Deum,
624 2785 660 2838 et
689 2776 776 2838 sicut
806 2775 980 2838 recederet
1004 2795 1088 2838 unus
1111 2775 1154 2838 ab
1180 2776 1298 2839 altero.
1345 2775 1440 2841 Haec

320 2868 523 2944 dictasunt,
547 2880 583 2932 ut
606 2870 732 2932 sciatur
755 2869 846 2951 quod
869 2870 982 2932 omnia
1006 2869 1190 2934 Doctrinae
1213 2869 1334 2934 Novae
1357 2871 1440 2935 HIe-

320 2965 512 3046 rosolymae
541 2985 578 3026 se
608 2963 755 3027 reserant
785 2965 828 3026 ad
860 2982 1011 3027 amorem
1041 2965 1074 3026 in
1111 2963 1294 3027 Dominum
1328 2977 1363 3028 et
1396 2967 1440 3029 ad

320 3080 470 3124 amorem
488 3080 570 3140 erga
588 3059 798 3140 proximum:
831 3077 926 3120 amor
948 3059 981 3120 ln
1002 3057 1185 3122 Dominum
1207 3067 1260 3122 est
1284 3058 1384 3123 fidem
1407 3062 1439 3124 in

321 3155 504 3219 Dominum
530 3155 655 3216 habere
685 3163 720 3216 et
749 3153 860 3215 facere
890 3162 1072 3234 praecepta
1102 3152 1230 3235 Ipsius;
1267 3164 1302 3218 et
1331 3154 1439 3218 facere

256 3318 259 3325 ,
320 3264 503 3337 praecepta
522 3253 629 3335 Ipsius
648 3262 701 3316 est
720 3271 815 3314 amor
833 3271 915 3332 erga
933 3251 1137 3332 proximum,
1154 3253 1312 3334 quoniam
1331 3253 1440 3317 iacere

320 3358 502 3431 praecepta
518 3347 626 3429 Ipsius
644 3356 696 3409 est
714 3367 791 3408 usus
808 3345 917 3408 iacere
934 3347 1099 3427 proximo.
1144 3343 1244 3426 Quod
1261 3345 1308 3409 illi
1324 3358 1438 3410 ament

223 3463 228 3470 ·
320 3443 503 3506 Dominum
519 3443 575 3524 qui
590 3440 716 3504 iaciunt
732 3450 915 3523 praecepta
931 3439 1050 3521 Ipsius,
1065 3439 1142 3520 Ipse
1159 3440 1325 3504 Dominus
1337 3441 1436 3504 docet

320 3536 408 3618 apud
431 3535 631 3610 Johannem,
650 3555 724 3616 cap.
742 3535 810 3596 xiV.
830 3550 956 3612 21-24;
984 3545 1019 3596 et
1042 3534 1133 3616 quod
1156 3535 1305 3598 amorio
1329 3535 1437 3598 Deum

319 3643 355 3695 et
373 3651 468 3694 amor
483 3650 566 3711 erga
580 3630 771 3710 proximum
787 3631 856 3692 sint
874 3630 942 3690 duo
959 3637 1141 3710 praecepta
1157 3649 1201 3691 ex
1221 3629 1342 3710 quibus
1356 3649 1436 3710 pen·

319 3727 403 3788 dent
426 3723 502 3786 Lex
525 3734 561 3788 et
584 3724 785 3804 Prophetae,
804 3721 930 3785 Marta.
949 3723 1033 3784 xxii
1054 3724 1175 3802 35-·38;
1200 3743 1258 3805 per
1280 3722 1438 3805 “Legem

319 3831 357 3884 et
375 3819 562 3901 Prophetas
569 3819 584 3843 ”
602 3817 802 3898 Intelligitur
821 3817 973 3881 Verbum
993 3817 1025 3878 in
1044 3825 1122 3880 toto
1137 3816 1329 3898 complexu.

380 3926 486 3994 9⁰4.
510 3921 597 3988 [Vm.
613 3919 664 3986 15]
688 3909 754 3972 ‘fr
771 3909 900 3990 loquens
916 3927 985 3971 oum
1005 3925 1053 3969 mo
1074 3908 1206 3972 hamat
1218 3910 1369 3971 calumum
1384 3931 1438 3972 ut·-

318 4021 417 4073 mum,
433 4006 468 4063 ut
478 3999 641 4062 metiretur
653 3999 759 4062 urtam
771 4005 924 4080 otpertus
938 3997 1005 4080 ojus
1016 4003 1051 4062 et
1061 4019 1180 4060 murum
1193 3999 1298 4081 ejur,''
1309 3999 1437 4081 signifi-

320 4103 376 4156 cat
395 4091 484 4174 quod
502 4091 599 4155 detur
616 4113 637 4154 a
659 4090 799 4154 Domino
816 4091 888 4154 illis
906 4092 966 4172 qui
985 4093 1019 4155 in
1042 4091 1121 4154 bono
1139 4092 1265 4154 amm's
1283 4101 1363 4155 sunt
1374 4093 1437 4172 sa-

319 4187 426 4251 cultas
441 4185 649 4266 intelligendi
665 4196 698 4248 et
717 4185 844 4248 sciendi
859 4185 969 4267 qualis
986 4195 1037 4250 est
1057 4185 1157 4248 Nova
1173 4185 1311 4248 Domini
1328 4185 1437 4250 Eccle-

319 4281 374 4344 sz’a
396 4281 509 4363 quoad
529 4280 726 4343 Dollrinam
747 4289 780 4342 et
803 4280 872 4362 q‘us
888 4301 978 4344 vera
1003 4278 1252 4353 introducentia,
1274 4289 1307 4341 et
1332 4281 1442 4362 quoad

328 4375 468 4440 Verbum
479 4397 521 4439 ex
531 4381 668 4458 quo-‘⁸
677 4375 724 4439 Et
741 4375 883 4457 loquens
896 4395 972 4438 curn
986 4375 1063 4438 me’‘
1076 4373 1242 4456 significat
1256 4373 1437 4438 Dominum

320 4491 339 4534 e
362 4469 477 4544 Caelo,
501 4471 578 4552 quia
600 4480 672 4533 erat
696 4468 854 4550 Angelus
877 4489 961 4531 unus
984 4489 1029 4532 ex
1052 4479 1184 4550 septem
1209 4468 1356 4550 Angelis
1378 4470 1436 4532 ha-

319 4565 476 4629 bentibus
494 4575 626 4646 septem
646 4563 786 4647 phialas,
802 4563 846 4626 de
864 4583 930 4646 quo
949 4583 1049 4646 supra
1069 4559 1168 4645 (vers
1184 4561 1232 4645 9),
1249 4582 1310 4645 per
1328 4561 1437 4645 Quem
