3384 5400
345 657 406 725 59)
653 655 909 709 APOCALYPSIS
932 657 1145 710 REVELATA.

342 829 404 904 dis,
428 849 513 912 quae
536 840 614 892 sunt
637 849 758 893 causae
781 829 977 906 interiores3
1011 830 1119 913 ipsum
1141 827 1267 894 malurn
1290 829 1380 913 quod
1402 849 1464 914 per

344 923 489 987 “ulcus’'
511 922 727 1005 significatur,
751 934 786 987 et
813 925 845 986 in
872 919 1025 987 externis
1047 934 1188 1006 apparet
1212 934 1248 987 ut
1268 923 1462 1004 jucundum,

342 1017 432 1080 intus
447 1019 481 1080 in
497 1038 533 1080 se
548 1018 701 1082 recondit
718 1018 1019 1099 concupiscentias,
1035 1039 1056 1080 a
1071 1018 1188 1101 quibus
1204 1019 1309 1083 oritur
1324 1027 1360 1082 et
1378 1038 1461 1082 con·
1489 1023 1494 1029 ’

341 1110 448 1175 flatur.
505 1111 572 1177 Sed
601 1113 706 1194 probe
735 1113 908 1176 sciendum
937 1123 1001 1187 est,
1031 1113 1122 1195 quod
1150 1112 1309 1176 interiora
1339 1113 1462 1176 mentis

341 1205 508 1270 humanae
531 1207 599 1269 sint
622 1207 655 1269 in
678 1207 869 1270 successivo
892 1206 1009 1271 ordine
1031 1217 1067 1270 et
1089 1208 1122 1270 in
1146 1206 1350 1270 simultaneo
1372 1207 1462 1289 apud

278 1325 281 1332 ·
342 1302 616 1383 unumquemvis;
640 1301 673 1364 in
692 1303 883 1366 successivo
898 1301 1015 1364 ordine
1030 1312 1108 1365 sunt
1127 1322 1148 1364 a
1162 1301 1384 1382 superioribus
1403 1321 1462 1364 seu

342 1394 504 1476 prioribus
519 1397 562 1459 ad
581 1396 735 1460 inferiora
750 1417 809 1460 seu
825 1397 1011 1480 posteriora
1027 1395 1117 1477 ejus3
1140 1396 1173 1459 in
1189 1395 1392 1459 simultaneo
1406 1417 1461 1459 or·

342 1489 420 1554 dine
442 1501 520 1554 sunt
543 1491 576 1554 in
596 1489 721 1555 ultimis
744 1512 802 1554 seu
825 1491 1016 1573 postremis,
1037 1489 1097 1553 sed
1120 1491 1153 1553 in
1175 1489 1227 1554 bis
1250 1499 1328 1554 sunt
1349 1490 1392 1552 ab
1410 1492 1462 1553 in·

342 1584 518 1648 terioribus
537 1586 579 1648 ad
598 1586 769 1649 exteriora
785 1585 871 1648 sicut
887 1605 908 1647 a
925 1593 1044 1648 centro
1062 1584 1105 1647 ad
1124 1585 1348 1666 peripherias;
1371 1584 1462 1668 quod

342 1677 390 1741 ita
408 1679 452 1742 sit
470 1677 585 1742 multis
600 1689 775 1744 ostensum
793 1688 846 1742 est
864 1679 898 1741 in
915 1678 1090 1760 Sapientia
1104 1679 1136 1741 Α
1142 1678 1266 1760 ngrlica
1283 1679 1324 1741 de
1339 1677 1463 1742 Dzbtiro

342 1773 516 1835 Amarea
535 1772 662 1837 Divrlta
685 1772 859 1853 Sapientia
881 1771 928 1855 (n.
951 1772 1121 1854 173-281),
1141 1772 1196 1836 ubi
1214 1773 1257 1836 de
1276 1772 1461 1852 Gradibus;

342 1887 387 1930 ex
404 1868 522 1948 quibus
540 1877 647 1949 patet,
664 1867 753 1950 quod
773 1866 927 1930 ultimum
945 1868 988 1931 sit
1007 1866 1207 1949 complexus
1227 1868 1376 1930 omnium
1394 1868 1462 1949 pri·

342 1980 447 2025 orum.
506 1961 590 2025 inde
616 1962 775 2044 sequitur,
797 1961 888 2044 quod
919 1980 1037 2024 omnes
1064 1961 1357 2043 concupiscentiae
1382 1960 1462 2025 mali

343 2056 410 2119 sint
434 2057 467 2118 in
492 2057 609 2119 ordine
633 2054 836 2119 simultaneo
860 2057 950 2118 intus
973 2056 1007 2118 in
1032 2056 1106 2137 ipso
1130 2053 1221 2117 malo
1244 2055 1334 2139 quod
1359 2056 1462 2119 homo

342 2151 482 2232 percipit
498 2151 586 2233 apud
603 2169 658 2214 se:
679 2169 779 2212 omne
795 2148 921 2212 malum
936 2150 1026 2233 quod
1045 2149 1149 2212 homo
1164 2151 1304 2232 percipit
1320 2150 1409 2231 apud
1425 2171 1462 2214 se

342 2254 396 2308 est
419 2245 451 2307 in
475 2244 620 2322 ultimis;
643 2264 746 2327 quare
764 2263 840 2307 cum
864 2243 967 2307 homo
989 2243 1094 2324 rejicit
1114 2264 1135 2305 a
1153 2264 1189 2307 se
1208 2242 1344 2318 malum,
1363 2243 1462 2307 simul

343 2340 445 2402 etiam
465 2339 570 2419 rejicit
589 2338 880 2419 concupiscentias
902 2337 982 2418 ejus,
1001 2336 1061 2399 sed
1085 2357 1189 2419 usque
1211 2357 1277 2399 non
1297 2357 1317 2400 a
1335 2358 1382 2414 se,
1401 2337 1460 2401 sed

342 2453 362 2495 a
382 2432 538 2496 Domino.
586 2431 701 2495 Homo
716 2431 852 2515 quidem
870 2451 891 2494 a
908 2451 945 2499 se
963 2439 1078 2513 potest
1094 2430 1230 2512 rejicere
1249 2430 1385 2504 malum,
1401 2432 1462 2496 sed

343 2546 410 2590 non
435 2527 724 2609 concupiscentias
742 2523 831 2606 ejus:
856 2546 958 2608 quare
977 2545 1053 2588 cum
1071 2523 1144 2587 vult
1167 2524 1302 2606 rejicere
1324 2524 1460 2601 malum,

343 2621 527 2705 pugnando
549 2629 669 2684 contra
691 2619 784 2694 illud,
809 2616 976 2703 spectabit
998 2619 1041 2682 ad
1065 2619 1268 2696 Dominum;
1297 2618 1462 2683 Dominus

343 2718 431 2780 enim
455 2726 613 2799 operatur
630 2715 673 2777 ab
695 2715 822 2778 intimis
840 2714 883 2777 ad
905 2714 1044 2793 ultima;
1068 2716 1171 2777 intrat
1195 2715 1285 2777 enim
1308 2735 1368 2798 per
1390 2716 1462 2777 ani·

343 2831 433 2875 mam
459 2811 613 2883 hominis.
638 2818 673 2873 et
700 2808 861 2891 purificat.
922 2808 1017 2872 Haec
1045 2806 1136 2871 uitta
1163 2819 1251 2883 sunt,
1275 2819 1312 2871 ut
1338 2810 1463 2873 sciatur

343 2905 433 2988 quod
454 2903 599 2967 “ulcus”
617 2902 783 2985 significet
802 2902 928 2966 malum
946 2903 979 2966 in
999 2902 1125 2965 ultimis
1144 2923 1203 2966 seu
1221 2904 1384 2965 extremis
1401 2924 1461 2986 ap·

343 3019 475 3083 parens,
498 3019 542 3062 ex
570 3000 701 3061 interna
726 2995 941 3078 malignitate
964 2996 1149 3059 oriundum.
1211 2996 1287 3060 Hoc
1312 2996 1350 3061 fit
1372 2998 1462 3079 apud

343 3094 528 3175 omnesqui
541 3094 601 3155 sibi
614 3093 816 3174 persuadent
830 3089 937 3153 solam
952 3088 1069 3154 Fidem
1082 3089 1223 3164 salvare,
1236 3100 1271 3153 et
1284 3101 1463 3173 propterea

344 3208 411 3251 non
430 3184 607 3251 refieitunt
626 3206 725 3267 super
743 3185 878 3267 aliquod
902 3183 1027 3247 malum
1046 3184 1134 3265 apud
1157 3204 1204 3257 se,
1225 3204 1286 3247 nec
1305 3182 1462 3267 spetiant

343 3281 386 3346 ad
406 3281 598 3345 Dominum.
645 3278 822 3343 “Ulcera''
841 3289 876 3342 et
897 3277 1085 3342 “vulnera'’
1104 3277 1294 3361 significant
1316 3277 1406 3341 mala
1428 3280 1460 3342 in

343 3369 507 3440 extremis
531 3374 671 3438 oriunda
693 3394 736 3437 ex
761 3373 859 3436 malis
884 3372 1104 3448 interioribus,
1128 3392 1213 3455 quae
1235 3381 1314 3436 sunt
1336 3392 1461 3436 concu-

345 3470 539 3552 piscentiae,
560 3469 662 3531 etiarn
681 3468 714 3529 in
733 3466 951 3549 sequentibus
970 3466 1071 3529 locis:

395 3604 445 3654 “A
457 3604 520 3653 vola
531 3602 606 3665 pedis
618 3616 701 3665 usque
712 3602 747 3651 ad
758 3609 837 3664 caput
849 3615 904 3650 non
916 3609 958 3650 est
969 3601 1108 3663 integritas
1118 3614 1124 3660 ;
1142 3600 1246 3650 Vulnus
1257 3610 1285 3650 et
1296 3600 1422 3659 Cicatrlx.
1434 3610 1463 3653 et

474 3668 555 3744 plaga
566 3682 675 3795 recegjaj
694 3682 747 3717 non
759 3682 888 3730 expressa
899 3674 970 3720 sunt.
982 3681 1037 3715 non
1049 3666 1175 3729 obligata,
1185 3681 1240 3715 non
1249 3666 1369 3716 emollita
1377 3668 1439 3716 oleo
1447 3667 1461 3687 '¹

396 3802 412 3825 ¹¹
421 3734 587 3865 lnldtdirlliesl'
595 3734 671 3848 riread
687 3784 869 3848 transiverunt
880 3805 959 3859 caput
970 3810 1076 3851 meum:
1093 3801 1320 3859 computruerunt.
1333 3799 1462 3847 contabu-

474 3875 552 3939 erunt
564 3864 682 3914 Vulnera
698 3872 807 3927 propter
824 3862 964 3912 stultitiam
982 3861 1092 3912 meam”
1103 3861 1212 3925 (Psalm.
1224 3862 1333 3913 xxxviii.
1345 3873 1368 3923 5,
1380 3862 1396 3911 6
1413 3860 1459 3928 [B.

395 3996 452 4047 “ln
470 3926 879 4060 dle‚4'‹1l1]d'obtrgabrtjehovah
896 3990 1040 4043 inituram
1060 3990 1152 4055 populi
1168 3990 1222 4051 Sul,
1241 3992 1346 4042 Vulnus
1365 3992 1462 4057 plagae

474 4061 580 4112 sanabit
587 4060 601 4081 ”
613 4059 697 4123 (Esaj.
709 4074 771 4109 xxx.
784 4058 841 4119 tol:

395 4128 447 4178 “Si
465 4141 520 4176 non
539 4126 689 4177 obediretis
701 4126 759 4173 voci
771 4124 898 4188 jehovae,
913 4122 1087 4173 custodiendo
1100 4122 1134 4172 ad
1152 4122 1302 4172 iaciendum
1320 4132 1462 4186 praecepta

475 4191 570 4255 Ipsius.
586 4191 714 4253 percutiet
731 4200 757 4239 te
773 4190 896 4254 Jehovah
911 4189 1007 4239 Ulcere
1025 4188 1150 4251 Aegypti,
1168 4188 1417 4238 haemorrhoidibus
1434 4199 1462 4238 et

473 4258 563 4308 scabie
580 4267 607 4306 et
624 4254 776 4320 prurigine:
799 4263 827 4305 et
840 4254 936 4304 Ulcere
953 4255 1024 4303 malo
1041 4268 1122 4315 super
1137 4254 1268 4316 genubus,
1282 4262 1309 4302 et
1325 4268 1408 4316 super
1423 4254 1462 4303 ie·

474 4323 602 4380 moribus,
612 4321 732 4386 aquibus
742 4334 796 4370 non
805 4321 893 4383 possis
900 4319 1006 4379 sanam
1020 4334 1037 4369 a
1045 4319 1107 4368 vola
1115 4318 1190 4381 pedis
1198 4318 1325 4383 usquead
1334 4318 1460 4369 verticem

474 4397 549 4438 tuum
557 4386 572 4407 ”
584 4386 686 4449 (θεαῖν.
698 4386 789 4437 xxviii.
803 4398 841 4445 ις,
853 4398 893 4447 27,
905 4385 955 4447 35).

344 4455 407 4518 Per

395 4552 511 4680 “unffi
524 4551 699 4678 Ξῧιιιιίαὸιιιιιι)
709 4550 879 4600 efflorescens
899 4549 927 4599 in
946 4548 1057 4599 homine
1074 4556 1101 4598 et
1121 4547 1149 4597 ln
1166 4547 1253 4597 bestia
1269 4548 1297 4597 ln
1314 4545 1460 4611 Aegypto''

510 4633 529 4665 x
560 4632 614 4668 ,nn
641 4628 708 4677 -ιι,
