3384 5400
513 715 831 778 cae.xv11.‚vuns.
852 701 979 766 16.—rv.
995 703 1067 785 748.
1289 683 1352 786 643

230 908 294 954 nec
319 887 409 952 aliud
432 908 491 971 per
510 888 652 970 “ignem
675 896 710 951 et
733 906 853 968 rogum
876 886 910 949 in
933 885 1119 968 Topheth”
1142 905 1243 968 quam
1265 885 1353 969 ignis
1441 961 1446 974 .

227 984 366 1060 Inferni,
383 984 438 1066 qui
454 992 506 1046 est
522 981 586 1046 illis
614 982 669 1064 qui
685 981 900 1064 prophanant
916 978 1043 1057 sancta,
1060 980 1268 1064 significatur

276 1150 361 1216 (Esaj.
373 1165 434 1201 xxx.
446 1163 495 1212 ³³:
515 1152 610 1216 Jerenn
621 1148 667 1200 vii.
681 1163 719 1208 11,
728 1161 767 1211 31.
778 1145 846 1212 321113
867 1165 924 1213 oap.
936 1149 990 1200 xix.
1001 1161 1024 1210 ς,
1035 1150 1068 1210 ὸς
1089 1151 1173 1215 aReg.
1183 1151 1256 1201 xxiii.
1268 1150 1316 1214 ιο),

228 1303 391 1366 colebant
420 1305 509 1367 enim
540 1304 584 1367 ibi
615 1301 809 1366 Molechum
841 1322 900 1384 per
930 1302 1111 1365 nefandum
1141 1303 1350 1368 sacrificium.

228 1392 400 1477 Quoniam
416 1417 474 1480 per
488 1397 667 1462 “Bestiam
684 1407 837 1480 quartam
847 1397 862 1421 ”
880 1396 983 1479 (apud
994 1396 1166 1461 Danielem
1178 1418 1251 1480 cap.
1268 1398 1350 1481 vii),

228 1489 437 1572 significatur
465 1491 674 1573 Religiosum
697 1492 788 1574 quod
815 1491 1005 1574 prophanat
1030 1490 1181 1555 Verbum
1208 1503 1244 1556 et
1273 1494 1352 1556 inde

229 1582 349 1648 sancia
376 1585 550 1650 Ecclesiae
578 1583 625 1668 (n.
649 1582 765 1668 717l¹¹),
790 1585 867 1650 ideo
889 1587 1010 1649 dicitur
1032 1587 1122 1668 quod
1146 1587 1354 1650 “combusta

228 1679 274 1742 sit
297 1678 375 1760 igne
384 1678 399 1704 ”
424 1677 525 1760 (Dan.
542 1682 593 1744 vii.
621 1679 684 1762 11).
730 1679 828 1743 Nunc
852 1681 930 1762 quia
950 1679 1062 1744 cultus
1084 1681 1277 1764 prophanus
1299 1693 1353 1746 est

229 1772 342 1837 colere
365 1774 535 1838 hominem
559 1776 636 1839 loco
660 1775 806 1848 Domini,
826 1775 904 1838 ideo
921 1775 975 1838 hic
995 1775 1117 1838 dicitur
1134 1776 1224 1858 quod
1244 1777 1351 1857 ipsam

230 1866 447 1931 Meretricem
461 1870 734 1933 “combusserint
747 1869 856 1950 igne,”
871 1889 931 1952 per
942 1870 1032 1951 quod
1045 1869 1251 1952 significatur
1261 1871 1353 1953 quod

230 1963 340 2044 ipsum
357 1962 567 2045 Religiosum
583 1964 782 2028 devoverint
798 1975 834 2028 et
850 1964 939 2046 apud
955 1985 992 2028 se
1007 1963 1205 2028 deleverint.
1251 1963 1351 2049 Quod

229 2075 290 2138 per
303 2063 322 2088 “
336 2077 453 2120 carnes
469 2057 538 2138 ejus
555 2059 734 2122 comedere
743 2057 758 2082 ”
774 2058 982 2140 significetur
998 2059 1088 2122 mala
1103 2070 1137 2122 et
1153 2059 1247 2134 falsa,
1265 2080 1352 2142 quae

229 2153 364 2234 propria
383 2151 547 2233 Religiosi
569 2153 664 2216 istius
684 2163 773 2227 sunt,
794 2173 838 2216 ex
862 2153 942 2216 odio
964 2154 1125 2217 damnare
1148 2163 1183 2217 et
1205 2156 1295 2237 apud
1315 2175 1350 2220 se

229 2246 415 2320 destruere,
432 2258 484 2309 est
501 2248 578 2328 qnia
595 2247 629 2310 id
645 2267 704 2329 per
720 2245 1350 2329 “carnescomedere1⁸1”significatur;

228 2360 290 2424 per
314 2340 483 2403 “carnes'’
506 2342 595 2404 enim
618 2339 849 2423 significantur
871 2342 1004 2424 propria
1027 2341 1174 2423 alicujus,
1199 2363 1285 2425 quae
1314 2363 1351 2407 se

228 2433 376 2498 referunt
395 2435 438 2497 ad
462 2435 552 2499 bona
571 2444 607 2500 et
630 2457 719 2511 vera,
739 2447 776 2499 et
798 2437 830 2498 in
850 2438 1008 2519 opposito
1026 2457 1126 2499 sensu
1145 2438 1188 2500 ad
1207 2437 1297 2500 mala
1315 2449 1350 2501 et

222 2529 323 2604 falsa,
340 2539 375 2593 et
395 2549 453 2612 per
470 2531 676 2594 “comedere
685 2530 700 2554 ”
716 2529 923 2612 significatur
939 2550 1147 2606 consumere,
1164 2533 1211 2594 ita
1227 2530 1351 2596 delere.

228 2623 331 2707 Quod
362 2645 420 2707 per
444 2631 463 2656 “
477 2625 637 2688 carnem”
660 2624 869 2709 significetur
891 2626 1060 2709 proprium
1087 2625 1235 2707 alicujus,
1259 2628 1350 2709 quod

227 2722 263 2785 in
282 2740 319 2783 se
337 2731 389 2784 est
409 2719 544 2795 malum,
565 2730 701 2785 constat
721 2742 764 2785 ex
785 2721 835 2783 his
855 2717 958 2783 locis:

281 2870 420 2935 “Spiritus
437 2883 479 2923 est
496 2872 540 2937 qui
558 2872 681 2933 vivifieat,
701 2888 763 2923 caro
781 2886 835 2923 non
853 2874 963 2936 prodest
979 2874 1142 2939 quicquam”
1153 2875 1228 2941 (Joi.
1242 2875 1278 2925 vi.
1293 2874 1351 2937 63);

282 2941 387 3005 “Quod
399 2948 491 2989 natum
503 2948 544 2988 est
556 2954 590 2989 ex
601 2953 689 2998 carne,
703 2940 754 2989 hoc
766 2954 829 2989 caro
840 2949 899 2999 αις
917 2941 988 3003 quod
997 2950 1154 3004 generatum
1164 2951 1206 2990 est
1216 2956 1234 2990 a
1245 2941 1349 3003 spiritu,

360 3005 469 3070 spiritus
482 3004 544 3054 est'’
556 3002 630 3070 (Jol.
645 3005 681 3055 iii.
693 3006 734 3065 6);

281 3071 444 3136 “Quotquot
456 3080 619 3133 receperunt,
634 3070 707 3119 dedit
718 3071 770 3120 illis
782 3080 943 3133 potestatem
955 3078 985 3120 ut
996 3070 1043 3119 tilii
1056 3070 1107 3120 Dei
1119 3080 1218 3129 essent.
1232 3071 1278 3136 qui
1295 3086 1350 3121 non

360 3153 394 3188 ex
405 3136 589 3197 sanguinibus,
599 3150 685 3199 neque
697 3151 730 3185 ex
742 3137 880 3186 voluntate
889 3135 1000 3186 carnis'’
1012 3136 1086 3202 (Jolr.
1099 3137 1116 3187 Ι.
1130 3149 1167 3194 12,
1181 3137 1222 3197 13)
1233 3152 1238 3190 :

281 3201 381 3253 “Deus
399 3202 551 3252 recordatus
569 3202 639 3265 quod
656 3216 718 3251 caro
730 3202 776 3261 illi,
791 3202 900 3265 spiritus
917 3202 962 3266 qui
978 3202 1062 3252 abivit
1079 3217 1134 3251 non
1151 3210 1330 3252 reverteretur
1337 3201 1351 3223 ”

361 3268 469 3331 (psalm.
483 3266 584 3318 lxxviii.
597 3268 655 3330 aql:

281 3334 447 3397 “Aegyptus
458 3332 540 3382 homo
551 3342 579 3382 et
590 3348 645 3382 non
660 3331 741 3392 Deus,
755 3342 783 3382 et
793 3333 855 3397 equi
866 3332 925 3396 ejus
937 3347 1000 3382 earo
1011 3342 1038 3382 et
1055 3347 1110 3382 non
1123 3333 1231 3395 spiritus
1238 3330 1254 3353 ”
1264 3332 1349 3398 (Esaj.

280 3399 668 3591 Scormffisgsshieroeolyma
687 3464 772 3513 “cum
790 3464 853 3513 tiliis
870 3463 988 3527 Aegypti
1005 3464 1111 3526 magnis
1128 3462 1229 3513 carne”
1246 3462 1349 3527 (Erech.

362 3542 443 3579 xvxa
479 3544 485 3589 ;

211 3594 218 3607 ’
279 3594 359 3661 Jesus
365 3596 431 3645 dixit
443 3596 530 3653 Petro,
542 3594 632 3644 “Caro
639 3604 666 3644 et
673 3594 783 3657 anguis
790 3609 845 3643 non
851 3595 917 3644 haee
924 3594 1053 3645 revelavit
1059 3594 1123 3645 tibi”
1129 3594 1352 3657 (Matth.xvi.17);

283 3658 468 3789 “Malgadidius
491 3660 535 3724 qui
558 3660 674 3789 epnfidet
696 3659 807 3719 homini,
827 3671 855 3710 et
876 3660 954 3723 ponit
969 3674 1076 3709 carnem
1094 3660 1230 3710 brachium
1248 3658 1352 3710 suum”

375 3728 469 3792 Jerem.
483 3726 547 3775 xvii.
560 3739 573 3787 5
586 3763 592 3777 .

231 3870 321 3955 Quia
344 3873 474 3937 “caro’'
498 3870 666 3955 significat
689 3873 860 3956 proprium
883 3872 1038 3949 hominis,
1061 3894 1101 3937 ac
1125 3873 1172 3937 illi
1195 3872 1251 3956 qui
1273 3873 1352 3937 odio

231 3968 360 4031 habent
383 3968 527 4031 alterum
554 3969 688 4049 propria
713 3966 782 4048 ejus
806 3968 1061 4049 aggrediuntur,
1084 3969 1196 4031 animo
1219 3968 1352 4031 destru-

232 4062 310 4124 endi
341 4062 408 4136 illa,
432 4062 510 4125 ideo
542 4082 600 4143 per
625 4067 771 4125 “carnes
794 4062 972 4125 comedere
982 4061 996 4085 ”
1018 4062 1051 4124 id
1075 4061 1291 4145 significatur,
1315 4071 1352 4126 ut

232 4152 365 4239 quoque
384 4158 416 4219 in
436 4157 487 4221 his
507 4156 607 4220 locis:

284 4302 432 4354 “Moriens
455 4304 591 4361 moriatur,
616 4313 643 4353 et
665 4304 846 4354 exscindendo
870 4304 1049 4364 exscindetur,
1074 4304 1190 4368 reliquae
1210 4305 1352 4355 comedent

364 4370 498 4433 quaelibet
510 4368 625 4418 Carnem
637 4370 769 4419 alterius”
780 4370 868 4430 (Sach.
880 4370 915 4421 xi.
926 4370 968 4432 p);

285 4433 461 4484 “comedent
471 4434 597 4483 Israelem
607 4436 681 4484 omni
691 4450 738 4485 ore
748 4450 753 4493 ;
765 4437 807 4485 vir
813 4436 929 4485 Carnem
940 4436 1040 4485 brachii
1047 4436 1089 4485 sui
1098 4435 1248 4494 comedent,
1259 4434 1354 4485 Mena·

364 4500 626 4614 ⁵}'eAEphmlmum'
646 4512 674 4549 et
697 4500 858 4564 Ephraimus
882 4500 1046 4551 Menaschen
1064 4501 1354 4567 (Esaj.lx.11,19,ao

406 4602 412 4615 .
452 4576 564 4624 .12,no‚
577 4577 606 4614 αι
641 4580 647 4623 ;

285 4630 303 4655 “
311 4561 415 4679 Εὶῦἑδο
427 4644 600 4693 oppressores
608 4562 672 4681 litos
686 4630 774 4681 Carne
785 4646 878 4681 eorum
887 4631 901 4652 ”
913 4632 998 4697 (Esaj.
1012 4633 1075 4683 xlix.
1090 4632 1147 4694 2⁶),

286 4696 430 4760 “Quisque
442 4695 557 4745 Carnem
570 4696 635 4745 socii
646 4698 688 4746 sui
699 4699 841 4748 comedent
849 4698 863 4717 ”
875 4698 983 4764 (Jerem.
996 4695 1068 4750 xlxi]
1080 4699 1114 4763 9).
