3384 5400
557 664 636 716 cac.
652 663 739 726 xm,
756 660 859 714 vens.
879 659 1006 729 13.-N.
1021 647 1094 728 641.
1321 658 1381 726 547

323 833 421 915 641.
450 836 468 867 ¹¹
478 829 577 913 opem
590 830 669 893 onim
689 829 807 891 illorum
827 832 1001 910 coquuntur·
1013 845 1082 890 oum
1102 825 1199 899 illir,''
1213 823 1381 907 significat

263 923 348 986 sicut
371 932 568 988 amaverunt
591 932 624 986 et
650 920 868 996 crediderunt,
895 930 927 983 et
955 918 1031 982 inde
1049 919 1203 998 fecerunt
1226 926 1258 980 et
1286 915 1387 979 Iocrcti

263 1017 456 1080 sunt-Per
475 1022 606 1099 “opera
628 1036 714 1099 quae
736 1024 921 1098 sequuntur
942 1032 1018 1076 cum
1041 1011 1129 1075 illis¹’
1151 1010 1383 1093 significantur

263 1112 377 1176 omnia
395 1131 480 1193 quae
499 1120 638 1174 manent
657 1108 746 1192 apud
765 1109 936 1171 hominem
955 1117 1033 1190 post
1052 1115 1207 1170 mortem.
1252 1105 1381 1169 Notum

264 1213 326 1280 est,
343 1204 434 1287 quod
453 1215 597 1268 externa
612 1224 697 1287 quae
713 1211 877 1284 apparent
893 1221 1007 1265 coram
1025 1200 1226 1275 hominibus,
1243 1200 1381 1263 trahant

263 1317 357 1361 suam
381 1300 575 1374 essentiam,
598 1299 744 1361 animam
772 1306 807 1360 et
829 1297 934 1359 vitam
961 1295 1004 1358 ab
1026 1295 1177 1369 internis,
1201 1314 1287 1376 quae
1313 1313 1382 1356 non

263 1404 427 1474 apparent
440 1412 553 1456 coram
565 1392 764 1467 hominibus,
778 1400 813 1453 at
826 1410 912 1472 quae
924 1398 1088 1471 apparent
1104 1409 1217 1452 coram
1234 1388 1382 1452 Domino

263 1495 299 1548 et
325 1506 438 1549 coram
465 1487 613 1568 angelis;
649 1486 731 1548 haec
759 1494 794 1548 et
820 1483 888 1557 illa,
913 1503 972 1546 seu
998 1492 1143 1546 externa
1172 1493 1207 1546 et
1238 1483 1381 1559 interna,

263 1579 361 1643 simul
384 1590 529 1663 sumpta,
550 1589 628 1643 sunt
651 1599 772 1662 opera;
803 1597 905 1659 opera
928 1577 1027 1650 bona,
1047 1576 1074 1638 si
1096 1577 1229 1640 interna
1248 1587 1326 1640 sunt
1348 1580 1382 1640 in

263 1693 378 1738 amore
393 1684 428 1738 et
449 1673 525 1751 fide,
545 1684 580 1737 et
600 1684 744 1738 externa
766 1672 892 1736 iaciunt
915 1682 949 1735 et
973 1670 1154 1754 loquuntur
1172 1691 1217 1734 ex
1236 1670 1322 1749 illis;
1345 1682 1382 1736 at

263 1788 366 1850 opera
382 1768 480 1842 mala,
493 1769 520 1831 si
536 1768 669 1832 interna
685 1787 752 1830 non
768 1776 846 1829 sunt
863 1767 896 1828 in
912 1780 1027 1833 amore
1042 1774 1078 1828 et
1094 1763 1170 1839 fide,
1187 1774 1222 1829 et
1238 1775 1383 1830 externa

263 1861 388 1925 iaciunt
407 1871 442 1926 et
462 1862 642 1946 loquuntur
657 1883 701 1925 ex
718 1860 791 1928 illis.
837 1859 872 1923 Si
888 1867 1032 1923 externa
1047 1858 1172 1922 iaciunt
1188 1868 1222 1923 et
1239 1859 1381 1942 loquun-

262 1966 318 2020 tur
336 1957 421 2020 sicut
444 1977 489 2019 ex
508 1977 622 2020 amore
645 1965 680 2019 et
703 1954 779 2030 fide,
799 1964 878 2018 sunt
900 1953 959 2016 illa
976 1973 1079 2035 opera
1096 1952 1151 2015 vel
1173 1952 1383 2035 hypocritica

262 2050 318 2113 vel
341 2052 523 2114 meritoria.
558 2051 704 2116 Possunt
723 2049 841 2113 decern
865 2049 974 2112 facere
997 2047 1117 2111 similia
1139 2067 1241 2129 opera
1263 2046 1296 2110 in
1319 2067 1382 2110 ex·

263 2145 378 2220 ternis,
403 2145 462 2209 sed
489 2166 593 2228 usque
619 2145 791 2208 dissimilia
817 2153 906 2220 sunt,
930 2143 1008 2226 quia
1033 2143 1166 2206 interna
1192 2162 1236 2205 ex
1263 2143 1383 2225 quibus

263 2249 408 2303 externa
431 2239 628 2322 procedunt,
650 2238 823 2302 dissimilia
845 2246 933 2301 sunt.
979 2236 1062 2317 Quis
1084 2257 1153 2299 non
1176 2235 1269 2299 videt
1292 2236 1382 2319 quod

263 2333 308 2396 sit
329 2334 497 2396 internum
516 2343 550 2397 et
570 2343 760 2408 externum,
779 2342 815 2396 et
834 2331 924 2415 quod
946 2329 1004 2394 illa
1022 2331 1089 2394 duo
1112 2349 1213 2394 unum
1236 2329 1381 2409 laciant;

263 2447 342 2490 narn
358 2429 431 2511 quis
451 2448 518 2490 non
533 2428 626 2491 videt
643 2429 732 2509 quod
751 2423 945 2490 intellectus
963 2434 998 2488 et
1013 2424 1172 2487 voluntas
1191 2424 1258 2510 sint
1276 2426 1381 2488 inter-

263 2542 343 2585 num
363 2523 517 2597 hominis,
537 2543 576 2585 ac
597 2521 731 2605 loquela
749 2530 784 2585 et
796 2518 892 2584 ,actio
910 2521 979 2584 sint
997 2530 1179 2582 externum
1197 2517 1287 2599 ejus;
1309 2521 1383 2603 quis

263 2618 353 2679 enirn
372 2615 462 2700 loqui
481 2627 515 2681 et
534 2615 642 2680 lacere
661 2625 775 2701 potest
794 2616 920 2698 absque
938 2611 1113 2678 intellectu
1132 2625 1167 2677 et
1183 2612 1381 2678 voluntate:

263 2722 299 2776 et
318 2713 395 2795 quia
412 2714 551 2796 quisque
570 2713 633 2776 hoc
653 2713 757 2787 videt,
777 2714 879 2775 etiarn
896 2710 1009 2774 videre
1028 2719 1154 2792 potest,
1171 2710 1261 2792 quod
1280 2730 1383 2792 opera

263 2808 332 2870 sint
351 2818 530 2871 externum
549 2816 584 2871 et
604 2808 771 2871 internum
790 2806 908 2883 simul;
932 2814 967 2868 et
982 2805 1059 2887 quia
1077 2813 1258 2867 externum
1277 2804 1381 2868 trabit

263 2920 357 2964 suam
376 2902 569 2976 essentiam,
589 2902 735 2964 animam
754 2910 789 2964 et
807 2900 913 2963 vitam
932 2899 975 2961 ab
990 2899 1124 2962 interno
1142 2918 1213 2971 suo,
1230 2907 1383 2980 utsupra

264 2992 391 3058 dietum
414 3004 477 3071 est,
494 2995 642 3078 sequitur
661 2994 750 3077 quod
773 3002 954 3058 externum
978 2992 1047 3056 tale
1070 2994 1114 3055 sit
1134 2990 1234 3073 quale
1256 3001 1308 3055 est
1331 2993 1382 3055 in·

265 3098 399 3154 ternum
428 3087 507 3168 ejus,
535 3096 782 3170 consequenter
807 3088 897 3171 quod
927 3094 1057 3170 “opera
1082 3105 1169 3169 quae
1198 3094 1385 3167 sequuntur

265 3202 341 3247 cum
372 3180 458 3246 illis’'
485 3184 552 3245 sint
582 3184 667 3244 sicut
697 3191 895 3245 amaverunt
925 3191 961 3245 et
987 3181 1211 3253 crediderunt,
1238 3188 1274 3242 et
1304 3180 1383 3243 inde

264 3278 415 3341 lecerunt
439 3287 474 3341 et
499 3278 716 3341 locuti·sunt.
773 3276 874 3357 Quod
900 3277 990 3339 bona
1013 3295 1116 3359 opera
1142 3275 1209 3337 sint
1236 3274 1383 3337 charitas

265 3383 301 3436 et
324 3371 416 3446 fides,
440 3371 593 3435 videatur
615 3392 715 3453 supra
739 3368 785 3453 (n.
809 3385 860 3451 73,
883 3370 935 3451 76,
957 3388 1009 3451 94,
1037 3370 1131 3451 141);
1159 3378 1194 3432 et
1217 3369 1308 3451 quod
1330 3370 1381 3431 in·

266 3478 400 3531 ternum
412 3466 556 3529 hominis
568 3486 627 3528 seu
639 3466 790 3529 internus
802 3464 906 3528 homo
918 3485 986 3527 non
998 3465 1041 3526 sit
1054 3462 1243 3544 intelligere
1256 3463 1383 3545 absque

265 3559 365 3637 velle,
385 3560 443 3622 sed
467 3560 557 3642 quod
580 3560 623 3622 sit
646 3557 734 3621 velle
757 3568 792 3621 et
815 3559 893 3620 inde
915 3558 1115 3638 intelligere,
1136 3566 1383 3638 consequenter

265 3656 355 3738 quod
374 3655 504 3716 nonsit
523 3653 660 3715 credere
678 3652 804 3734 absque
822 3670 946 3725 amare,
966 3651 1024 3713 sed
1044 3652 1134 3733 quod
1153 3652 1197 3713 sit
1215 3670 1329 3713 amare
1347 3659 1382 3714 et

265 3749 343 3812 inde
359 3748 514 3824 credere;
538 3755 572 3809 et
589 3745 678 3828 quod
696 3744 805 3809 lacere
823 3743 881 3807 illa
899 3746 942 3809 sit
961 3755 1141 3807 externum
1161 3744 1305 3806 hominis
1324 3764 1384 3807 seu

267 3852 430 3907 externus
453 3842 566 3916 hom0,
590 3840 743 3903 videatur
766 3840 869 3903 etiarn
893 3860 991 3921 supra
1020 3818 1203 3920 (n.510[¹.¹)
1248 3837 1304 3900 Ex
1331 3838 1383 3900 his

267 3946 423 4001 constare
440 3944 565 4017 potest,
578 3935 668 4017 quod
685 3940 764 4015 per‘
769 3941 887 4015 ‘opera
902 3953 986 4015 quae
1003 3941 1186 4014 sequuntur
1201 3951 1276 3994 curn
1296 3931 1383 3994 illis’'

266 4029 471 4114 significetur
485 4029 570 4092 sicut
585 4038 783 4092 amaverunt
799 4038 834 4091 et
851 4028 1074 4101 crediderunt,
1088 4036 1123 4089 et
1139 4026 1217 4088 inde
1232 4026 1382 4088 iecerunt

267 4136 302 4188 et
318 4124 421 4188 locuti
438 4132 525 4186 sunt.
569 4120 697 4186 Similia
711 4128 791 4205 per
796 4126 915 4205 ‘opera
922 4119 1202 4203 significantur
1194 4140 1226 4181 nr
1240 4138 1383 4201 sequen

268 4220 356 4282 tibus
375 4217 476 4281 locis:

318 4362 350 4415 ln
362 4364 405 4414 die
416 4363 506 4427 judicii
519 4362 613 4413 Deus‘
618 4362 723 4414 reddet
734 4363 874 4427 uuicuique
886 4363 1032 4412 secundum
1039 4357 1163 4423 Opera
1137 4374 1196 4421 ejus
1204 4358 1334 4419 ”.'(Rom
1317 4374 1344 4407 ιι.
1353 4360 1390 4418 6);

319 4428 447 4479 “Omnes
457 4444 507 4479 nos
517 4429 749 4479 manifestabimur
757 4444 848 4478 coram
858 4428 982 4478 tribunali
991 4427 1099 4485 Christi,
1110 4437 1139 4475 ut
1148 4434 1265 4488 reportet
1274 4425 1384 4489 quilibet
1394 4458 1399 4465 ·

320 4490 1384 4623 vaitlltatllttllatt¹lbllatlatlffladalind

398 4639 450 4689 que
461 4626 607 4675 secuudum
620 4623 710 4688 Opera
720 4638 778 4687 ejus
787 4624 921 4688 ”.(Matth
932 4624 985 4674 xri.
998 4619 1083 4685 arm),
