3384 5400
320 682 378 750 542
637 684 885 738 APOCALYPSIS
907 687 1119 740 REVELATA.

318 862 387 916 tres
410 854 533 934 gradus
556 857 758 937 receptionis
780 856 868 920 illius
889 855 1074 935 dofiirinae
1095 860 1150 943 qui
1173 881 1232 943 per
1253 860 1311 925 illa
1333 864 1435 928 verba

318 948 569 1026 describuntur;
584 949 718 1029 primus
730 950 855 1032 gradus
867 962 919 1015 est
932 972 1118 1035 agnoscere
1130 953 1317 1020 doctrinam
1331 956 1434 1033 illam,

317 1043 474 1104 secundus
501 1044 625 1124 gradus
651 1056 703 1107 est
728 1045 927 1110 confirmare
952 1047 1044 1111 illam
1069 1049 1157 1132 apud
1182 1071 1229 1126 se,
1254 1062 1290 1114 et
1316 1052 1435 1116 tertius

317 1136 441 1216 gradus
471 1147 522 1200 est
552 1139 663 1200 vivere
693 1140 876 1202 secundum
906 1140 1019 1220 illam;
1056 1163 1243 1224 agnoscere
1276 1145 1368 1210 illam
1397 1147 1434 1211 fit

319 1230 538 1311 cogitatione,
558 1230 755 1296 confirmare
778 1232 870 1296 illam
893 1235 981 1318 apud
1005 1256 1041 1298 se
1064 1235 1101 1299 fit
1124 1235 1309 1314 intellectu,
1329 1249 1365 1303 et
1385 1243 1435 1302 vi·

316 1344 395 1386 vere
408 1325 591 1390 secundum
607 1324 699 1388 illam
712 1324 749 1390 fit
763 1326 950 1392 voluntate.
995 1328 1080 1392 Sunt
1093 1332 1148 1413 qui
1163 1331 1196 1392 in
1209 1334 1317 1413 primo
1328 1335 1435 1415 gradu

316 1428 405 1494 sunt,
429 1429 464 1482 et
487 1428 601 1481 tamen
626 1421 749 1483 nonin
773 1423 923 1485 secundo
945 1432 980 1485 et
1003 1425 1126 1503 tertio;
1163 1435 1198 1488 et
1222 1436 1299 1489 sunt
1323 1427 1434 1510 quiin

316 1514 425 1596 primo
444 1523 478 1576 et
498 1514 656 1588 secundo,
676 1523 711 1577 et
730 1524 846 1578 tamen
866 1535 933 1578 non
955 1519 989 1578 in
1008 1519 1110 1581 tertio
1121 1539 1129 1595 ;
1153 1528 1188 1581 at
1207 1521 1262 1601 qui
1280 1522 1314 1583 in
1333 1523 1434 1586 tertio

316 1616 405 1683 sunt,
429 1608 484 1690 qui
510 1608 633 1688 gradus
660 1617 712 1671 est
735 1609 1058 1674 viveresecundum
1086 1610 1189 1688 illam,
1212 1613 1260 1676 illi
1286 1624 1364 1678 sunt
1390 1615 1435 1679 de
1496 1681 1502 1684 ,

315 1701 434 1785 quibus
460 1701 635 1784 sequentia
660 1700 708 1783 (in
731 1723 815 1765 vers.
844 1720 891 1779 ιο,
919 1700 998 1788 11⁰1)
1023 1707 1188 1770 dicuntur.
1233 1707 1357 1772 Vivere
1380 1730 1433 1774 se·

315 1797 462 1859 cundum
491 1795 583 1858 illam
613 1805 666 1859 est
696 1795 788 1859 nihili
820 1797 929 1861 iacere
962 1798 1097 1874 malum¹
1128 1801 1314 1883 cogitando
1343 1802 1433 1886 quod

315 1889 440 1952 malum
456 1908 524 1952 non
540 1890 690 1964 damnet,
704 1892 781 1973 quia
797 1911 866 1953 non
882 1890 996 1973 Opera
1010 1893 1114 1976 Legis
1128 1894 1272 1969 salvant,
1285 1897 1345 1960 sed
1360 1897 1435 1961 sola

316 1983 437 2061 Fides;
468 1993 540 2046 tum
565 1983 657 2045 nihili
683 1983 792 2048 facere
819 1985 956 2060 bonum,
983 1989 1168 2068 cogitando
1194 2009 1318 2065 secum,
1342 1991 1433 2074 quod

314 2097 415 2140 nemo
431 2079 537 2160 possit
556 2078 681 2140 bonum
697 2079 806 2141 facere
824 2100 844 2141 a
863 2101 909 2154 se,
927 2081 988 2142 nisi
1004 2084 1046 2144 sit
1063 2084 1290 2160 meritorium3
1314 2085 1362 2147 ita
1377 2087 1433 2168 qui

314 2170 423 2234 solum
439 2173 569 2235 evitant
586 2171 674 2234 mala
692 2183 830 2254 propter
846 2173 940 2255 leges
957 2174 1071 2238 civiles
1086 2187 1122 2239 et
1141 2178 1296 2251 morales,
1313 2188 1348 2242 et
1365 2199 1432 2242 non

316 2280 455 2353 propter
482 2270 576 2351 leges
606 2271 757 2347 Divinas,
785 2270 833 2334 illi
859 2283 939 2336 sunt
965 2275 1020 2357 qui
1050 2272 1141 2337 bona
1170 2274 1297 2337 iaciunt
1322 2273 1433 2338 solum

316 2373 454 2445 propter
471 2385 506 2427 se
522 2375 557 2428 et
574 2365 746 2442 mundum,
764 2367 904 2449 proinde
919 2389 965 2430 ex
980 2388 1095 2432 amore
1111 2371 1171 2444 sui,
1189 2379 1224 2431 et
1244 2388 1313 2432 non
1332 2389 1433 2452 prop·

316 2467 369 2521 ter
385 2459 579 2534 Dominum,
593 2461 734 2542 proinde
746 2481 814 2522 non
831 2481 876 2524 ex
888 2482 1003 2525 amore
1020 2464 1174 2545 proximi.
1220 2463 1330 2526 Causa
1341 2463 1433 2546 quod

316 2572 404 2616 nunc
428 2554 604 2635 sequentia
628 2552 728 2636 (vers.
751 2571 798 2629 10,
820 2552 899 2638 ΗΜ)
919 2557 962 2618 de
985 2556 1050 2620 illis
1073 2555 1163 2620 diua
1185 2559 1264 2627 sint.
1284 2567 1337 2620 est
1355 2557 1433 2640 quia

314 2673 416 2718 omne
431 2654 520 2737 quod
544 2654 647 2716 intrat
667 2651 776 2716 solum
798 2653 832 2715 in
852 2653 1095 2734 cogitationem
1112 2662 1147 2716 et
1170 2652 1203 2716 in
1221 2650 1431 2717 intelleclum

315 2768 383 2811 non
406 2748 557 2822 damnat,
577 2748 637 2810 sed
660 2748 749 2829 quod
773 2748 877 2809 intrat
901 2748 933 2809 in
956 2748 1169 2810 voluntatem
1192 2748 1256 2810 hoc
1281 2749 1431 2821 damnat,

314 2842 379 2907 hoc
398 2844 486 2906 enim
510 2844 615 2905 intrat
633 2842 738 2903 vitam
762 2850 797 2905 et
819 2851 1017 2924 permanet;
1041 2861 1118 2904 nam
1140 2841 1221 2904 nihil
1244 2850 1358 2924 potest
1381 2843 1432 2905 in·

314 2947 403 3001 trare
426 2938 637 3000 voluntatem
664 2936 726 2999 nisi
752 2936 856 2998 etiam
882 2937 926 2999 sit
952 2937 1085 3011 amoris,
1109 2947 1145 2999 et
1171 2956 1266 2998 amor
1287 2945 1340 2999 est
1362 2937 1433 3000 vita

313 3032 467 3095 hominis.
514 3030 559 3093 Hi
578 3032 681 3093 etiam
700 3039 779 3092 sunt
795 3032 851 3112 qui
870 3050 937 3092 non
956 3030 1138 3113 explorant
1156 3050 1203 3103 se,
1220 3039 1431 3111 cognoscunt

314 3147 374 3189 sua
391 3136 543 3208 peccata,
563 3134 598 3188 et
618 3125 861 3208 paenitentiam
880 3135 998 3205 agunt,
1015 3135 1050 3187 et
1069 3132 1249 3206 propterea
1267 3124 1431 3187 damnan-

314 3230 387 3298 tur;
404 3220 519 3283 dicunt
530 3220 618 3283 enim
629 3220 741 3293 corde,
757 3224 775 3249 “
786 3216 875 3299 Quid
886 3238 969 3301 opus
979 3217 1225 3301 exploratione,
1237 3218 1432 3299 cognitione

314 3325 350 3377 et
377 3316 551 3395 agnitione
578 3322 794 3396 peccatorum
821 3323 856 3376 et
884 3312 1102 3395 paenitentia,
1127 3312 1207 3374 dum
1235 3311 1336 3375 Fides
1359 3310 1433 3374 sola

313 3408 454 3471 involvit
471 3408 583 3471 omnia
601 3406 685 3470 illa.”
730 3405 809 3469 Vidi
828 3404 939 3487 plures
958 3406 1045 3469 tales
1063 3407 1096 3468 in
1116 3406 1241 3467 mundo
1257 3404 1430 3488 spirituali,

314 3504 370 3584 qui
393 3504 562 3566 evitarunt
582 3501 680 3576 mala,
700 3510 735 3563 et
759 3500 910 3563 fecerunt
932 3501 1022 3562 bona
1044 3499 1152 3563 solum
1176 3520 1221 3562 ex
1245 3498 1321 3580 lege
1343 3499 1432 3562 civili

315 3606 350 3660 et
369 3598 498 3671 morali,
515 3606 550 3660 et
570 3615 638 3658 non
656 3593 756 3657 simul
774 3592 946 3676 spirituali,
964 3604 999 3657 et
1018 3590 1160 3675 conjedli
1179 3603 1257 3656 sunt
1276 3593 1309 3654 in
1329 3591 1432 3657 Inser-

315 3710 404 3753 num.

372 3794 475 3875 635.
500 3801 587 3869 [Vm.
604 3800 654 3867 ιο.]
680 3790 745 3851 “fr
755 3788 806 3852 illu
821 3788 903 3851 litor
914 3808 956 3852 οι
970 3788 1034 3851 rino
1047 3789 1115 3851 irco
1129 3788 1188 3851 0015
1197 3786 1289 3850 mitto
1301 3806 1387 3850 moro
1400 3785 1430 3848 in

311 3883 421 3965 pooqu
441 3878 720 3944 excandescentiae
741 3878 875 3959 ipsiur,''
889 3877 1056 3959 significat
1071 3878 1162 3959 quod
1178 3877 1235 3940 illi
1239 3876 1431 3958 falsificent

314 3974 397 4037 bona
413 3982 445 4036 et
462 3993 542 4035 vera
569 3970 675 4046 Verbi,
695 3992 734 4033 ac
750 3964 900 4033 imbuant
917 3970 1022 4032 vt'tam
1039 3990 1081 4032 ex
1097 3969 1166 4032 illis
1178 3967 1432 4051 falsificatis.-

314 4068 410 4131 Haec
429 4064 659 4149 significantur
675 4084 734 4147 per
748 4064 806 4127 illa
820 4065 934 4139 verba,
950 4065 1027 4146 quia
1045 4084 1104 4145 per
1121 4065 1262 4126 “vinum
1280 4064 1348 4125 irae
1366 4060 1431 4123 Dei

313 4162 458 4225 mixtum
486 4159 602 4223 mero”
625 4157 831 4240 significatur
854 4177 970 4221 verum
994 4155 1099 4220 Verbi
1125 4156 1357 4232 falsificatum3
1394 4166 1430 4217 et

313 4277 372 4338 per
396 4254 582 4337 “poculum
604 4252 911 4316 excandescentiae
935 4251 1066 4333 Ipsius''
1088 4249 1295 4333 significatur
1312 4267 1429 4312 verum

313 4370 372 4431 per
397 4349 487 4431 quod
512 4348 648 4421 bonum,
677 4346 849 4424 similiter;
883 4355 918 4409 et
945 4364 1005 4427 per
1031 4343 1197 4408 “bibere’'
1222 4342 1430 4424 significatur

313 4444 508 4525 appropiare
538 4442 605 4516 illa,
636 4461 693 4503 seu
722 4440 872 4503 imbuere
901 4440 1006 4502 vitam
1035 4460 1080 4502 ex
1110 4439 1185 4502 illis.
1241 4435 1341 4518 Quod
1371 4456 1429 4519 per

315 4535 479 4598 “vinum”
498 4534 703 4616 significetur
722 4532 849 4597 Verum
869 4533 984 4606 Verbi,
1005 4534 1158 4596 videatur
1183 4529 1229 4611 (n.
1250 4531 1347 4613 316);
1370 4550 1430 4612 per

315 4636 333 4661 ‘⁴
343 4630 460 4693 vinum'
470 4631 537 4693 irae
555 4628 646 4705 Dei‚”
659 4627 786 4691 Verum
804 4626 909 4691 Verbi
925 4626 1152 4691 adulteratum
1167 4636 1203 4690 et
1218 4624 1428 4689 falsificatum
