3384 5400
528 704 607 755 car.
623 702 832 765 xx1.,vnns.
854 690 978 754 18.-u.
994 706 1031 771 9¹
1038 704 1066 771 3.
1293 691 1357 771 819

232 877 324 942 bon'o
342 874 477 951 amoris,
497 885 533 939 et
559 874 686 939 bonum
706 875 829 938 amoris
849 895 893 937 ex
920 873 1091 953 Domino;
1115 874 1168 938 hic
1190 893 1277 938 nunc
1305 876 1356 939 di·

232 974 318 1036 citur
345 972 435 1054 quod
466 971 544 1033 urbs
573 970 647 1033 visa
676 971 719 1033 sit
750 979 787 1032 ut
816 974 964 1033 “aurum
995 969 1150 1051 purum;’'
1176 990 1237 1053 per
1266 970 1356 1052 quod

233 1066 452 1149 significatur,
477 1064 568 1148 quod
592 1083 694 1128 omne
721 1063 898 1127 Ecclesiae
923 1083 1042 1138 novae,
1067 1084 1153 1149 quae
1176 1074 1235 1127 est*
1258 1063 1357 1127 Nova

234 1160 486 1242 Hierosolyma,
506 1160 551 1223 sit
574 1158 702 1223 bonum
720 1158 845 1222 amoris
868 1178 889 1221 a
913 1156 1085 1237 Domino;
1120 1159 1179 1223 sed
1199 1160 1276 1243 quia
1295 1159 1356 1223 bo-

233 1276 313 1319 num
336 1256 461 1319 amoris
483 1254 672 1317 solitarium
695 1274 755 1317 seu
777 1250 988 1317 abstradium
1014 1274 1035 1317 a
1060 1255 1147 1317 veris
1170 1254 1358 1336 sapientiae

233 1370 301 1413 non
328 1351 439 1424 datur,
467 1349 528 1412 sed
555 1358 592 1412 ut
622 1350 667 1411 sit
697 1348 824 1411 bonum
855 1350 978 1412 amoris
1008 1350 1072 1412 erit
1101 1348 1294 1423 formatum,
1322 1360 1357 1413 et

232 1446 396 1509 formatur
418 1465 478 1527 per
496 1464 576 1508 vera
599 1443 798 1525 sapientiae,
819 1444 897 1506 ideo
915 1443 969 1506 hic
988 1444 1111 1507 dicitur
1130 1448 1276 1507 “aurum
1296 1464 1357 1526 pu·

233 1560 305 1603 rum
328 1539 438 1603 simile
460 1540 549 1602 vitro
572 1537 694 1621 puro:''
716 1539 845 1601 bonum
868 1539 959 1601 enirn
982 1540 1106 1601 amoris
1125 1538 1252 1621 absque
1270 1540 1358 1601 veris

233 1636 420 1719 sapientiae
439 1634 631 1698 nonhabet
652 1632 789 1715 aliquod
808 1631 919 1715 quale,
940 1634 1104 1715 quianon
1124 1633 1270 1716 aliquam
1291 1632 1357 1696 ior-

234 1750 335 1806 mam,
356 1740 392 1793 et
414 1730 523 1792 iorma
541 1728 612 1809 ejus
630 1738 684 1791 est
703 1727 890 1791 secundum
909 1748 990 1792 vera
1008 1727 1077 1809 ejus
1099 1728 1133 1791 in
1156 1749 1218 1793 suo
1240 1728 1358 1792 ordine

234 1835 269 1888 et
288 1844 380 1887 nexu
398 1823 573 1887 influentia
591 1842 657 1886 una
676 1842 753 1886 cum
772 1822 865 1885 bono
883 1823 1008 1885 amoris
1026 1843 1046 1885 a
1072 1820 1231 1898 Domino,
1253 1824 1302 1886 ita
1325 1824 1358 1887 in

234 1919 370 1982 homine
386 1918 573 1982 secundum
590 1918 833 2000 receptionem.
879 1916 1011 1980 Dicitur
1025 1916 1060 1979 in
1075 1916 1213 1995 homine,
1230 1918 1291 1981 sed
1307 1918 1358 1980 in·

235 2014 401 2096 telligitur
419 2033 489 2076 non
511 2024 549 2076 ut
572 2013 730 2087 hominis,
750 2012 812 2075 sed
835 2021 873 2075 ut
897 2011 1034 2076 Domini
1056 2012 1090 2075 in
1113 2012 1182 2075 illo.
1228 2012 1284 2077 Ex
1307 2013 1359 2075 his

235 2128 322 2172 nunc
354 2117 462 2191 patet,
490 2107 582 2191 quod
612 2126 672 2189 per
699 2106 807 2170 “urbs
836 2126 953 2171 aurum
983 2126 1101 2191 purum
1132 2106 1240 2171 simile
1270 2108 1359 2172 vitro

235 2203 340 2285 puro”
358 2201 567 2284 significetur
585 2201 676 2285 quod
699 2203 778 2265 inde
796 2220 900 2265 omne
919 2200 1096 2266 Ecclesiae
1119 2202 1207 2266 illius
1229 2203 1274 2267 sit
1297 2204 1359 2267 bo·

235 2318 314 2361 num
333 2298 457 2361 amoris
476 2296 617 2360 influens
636 2316 714 2359 cum
734 2296 810 2360 luce
828 2317 847 2359 e
866 2295 972 2360 Caelo
991 2318 1010 2359 a
1030 2296 1188 2361 Domino.

298 2417 396 2484 913.
432 2399 534 2483 Quod
566 2400 737 2465 “aurum''
773 2399 941 2483 significet
978 2403 1105 2466 bonum
1139 2402 1273 2478 amoris,
1305 2413 1359 2466 est

236 2498 314 2580 quia
330 2496 473 2559 metalla
490 2516 597 2579 aeque
615 2515 655 2559 ac
680 2497 795 2559 omnia
817 2507 853 2559 et
877 2497 1010 2579 singula
1028 2518 1114 2580 quae
1136 2508 1302 2581 apparent
1325 2499 1358 2561 in

237 2591 365 2654 mundo
388 2589 544 2664 naturali,
568 2591 858 2673 correspondent;
893 2612 1009 2655 aurum
1033 2593 1124 2656 bono
1146 2594 1281 2668 amoriS,
1305 2613 1358 2656 ar·

236 2695 380 2769 gentum
398 2686 485 2749 veris
508 2686 706 2768 sapientiae,
731 2707 872 2770 cuprum
893 2709 952 2752 seu
975 2709 1033 2752 aes
1055 2688 1147 2752 bono
1170 2688 1357 2764 charitatis,

236 2802 275 2846 ac
297 2779 420 2844 serrum
438 2781 526 2844 veris
544 2780 631 2844 fidei.
677 2782 762 2845 Inde
782 2792 848 2858 est,
868 2783 958 2866 quod
982 2784 1066 2847 haec
1091 2783 1232 2848 metalla
1254 2785 1359 2849 etiam

237 2879 304 2939 sint
330 2877 364 2938 in
388 2874 518 2938 Mundo
547 2875 722 2957 spirituali,
746 2879 907 2960 quoniam
934 2881 1048 2942 omnia
1070 2899 1156 2961 quae
1183 2880 1227 2943 ibi
1254 2901 1358 2964 appa-

237 2982 325 3046 rent,
337 2982 416 3035 sunt
428 2971 771 3053 correspondentiae3
789 2976 1058 3057 correspondent
1071 2977 1159 3038 enim
1173 2974 1359 3040 affectioni·

237 3067 299 3129 bus
314 3076 350 3129 et
366 3065 444 3129 inde
461 3067 727 3148 cogitationibus
743 3068 954 3150 angelorum,
971 3090 1057 3152 quae
1074 3072 1106 3134 in
1122 3091 1159 3134 se
1175 3072 1359 3154 spiritualia

238 3169 326 3224 sunt.
372 3159 474 3242 Quod
489 3165 634 3225 “aurum
642 3159 657 3186 '’
669 3182 715 3225 ex
731 3165 1033 3246 correspondentia
1050 3165 1216 3248 significet
1233 3167 1360 3231 bonum

240 3255 374 3331 amoris,
394 3264 553 3318 constare
572 3265 689 3338 potest
706 3277 752 3319 ex
771 3258 823 3320 his
842 3259 925 3322 locis
944 3277 951 3320 ε
1265 3261 1269 3268 ’

291 3433 308 3457 “
317 3431 422 3511 Suadeo
431 3431 478 3524 tibi
490 3447 581 3484 emere
592 3447 609 3482 a
621 3431 666 3484 Me
677 3433 779 3484 Aurum
789 3436 956 3500 exploratum
970 3437 1040 3501 igne,
1052 3447 1081 3488 ut
1092 3439 1192 3490 ditatus
1204 3439 1241 3490 sis
1249 3439 1263 3460 ”
1272 3439 1358 3508 (Aper.

291 3497 646 3628 “Qudiiiodgd’obscuratum
664 3574 707 3615 est
723 3565 835 3626 Aurum,
852 3577 983 3618 mutatum
1000 3578 1043 3619 est
1059 3569 1194 3634 Obryaum
1212 3572 1361 3635 optimum:

370 3628 448 3677 eiiusi
465 3639 529 3678 sunt
546 3629 661 3692 Lapides
679 3629 830 3682 sanctitatis
848 3633 875 3682 in
893 3635 1112 3697 capiteomnium
1126 3637 1291 3700 platearum:
1316 3639 1360 3688 filii

370 3693 462 3743 Zionis
479 3695 612 3744 aestimati
625 3709 703 3759 pares
721 3696 796 3746 Auro
813 3697 903 3760 puro''
921 3700 1029 3760 (Thren.
1042 3702 1076 3752 iv.
1091 3713 1112 3760 1,
1124 3703 1164 3764 2);

291 3758 506 3886 “Aniffissqup
527 3775 594 3887 ngpt
612 3763 737 3823 servabit,
751 3773 779 3813 et
795 3765 869 3814 dabit
886 3765 938 3815 illis
956 3781 989 3814 ex
1004 3765 1078 3816 Auro
1096 3766 1238 3818 schebae”
1249 3767 1359 3830 (Psalm.

292 3886 371 3940 “Pto
388 3903 450 3940 aere
464 3891 594 3942 adducam
607 3892 719 3952 Aumm,
733 3902 760 3943 et
778 3908 827 3957 pro
844 3895 916 3945 ierro
933 3906 1082 3960 argentum,
1096 3907 1125 3948 et
1141 3913 1190 3961 pro
1207 3897 1287 3962 lignis
1304 3915 1359 3958 aes,

371 3964 399 4005 et
409 3969 459 4018 pro
470 3955 604 4020 lapidibus
615 3957 715 4008 ierrum
726 3974 732 4018 ;
750 3969 777 4010 et
789 3976 888 4024 ponam
898 3977 1008 4014 censum
1018 3973 1092 4013 tuum
1105 3979 1206 4028 pacem,
1217 3977 1243 4015 et
1255 3964 1361 4016 exadlo-

371 4035 415 4070 res
426 4029 488 4070 tuos
498 4021 629 4085 justitiam
638 4023 652 4044 ''
664 4023 748 4089 (Esaj.
760 4026 795 4075 lx.
809 4026 850 4089 17)
860 4041 866 4085 ;

294 4085 313 4110 ss
947 4093 953 4107 ι
1019 4109 1026 4122 ι
1045 4095 1051 4110 ο
1336 4099 1341 4110 ι

320 4083 1361 4224 &tnttlzzttttlluttltltltt¹:titnl'tttttltilttitt

372 4216 400 4266 in
419 4215 493 4266 Eden
510 4217 589 4268 horto
602 4219 692 4278 luisti;
710 4223 799 4272 omnis
811 4223 879 4286 lapis
897 4225 1030 4288 pretiosus
1043 4236 1226 4289 tegumentum
1238 4237 1321 4288 tuum,
1336 4239 1363 4279 et

372 4282 474 4332 Aurum
482 4283 497 4304 '⁹
508 4283 610 4342 (Erech.
622 4287 713 4336 xxviii.
726 4299 749 4348 3,
760 4301 785 4348 4,
799 4289 856 4351 13);

295 4345 422 4398 “Turma
438 4351 600 4399 camelorum
618 4353 747 4415 obtegent
764 4363 799 4412 te,
815 4369 912 4406 omnes
929 4371 944 4406 e
962 4355 1065 4408 Scheba
1082 4357 1199 4416 venient,
1215 4358 1317 4408 Aurum
1336 4370 1363 4409 et

372 4414 604 4545 fflqsbpopapunp,
621 4427 648 4466 et
664 4418 758 4469 laudes
776 4419 896 4484 jehovae
913 4424 1111 4474 annuntiabunt
1120 4421 1134 4443 ''
1146 4421 1230 4490 (Esaj.
1245 4425 1280 4475 lx.
1295 4427 1318 4484 b,
1331 4442 1362 4490 q;

464 4517 470 4530 .
495 4495 522 4531 n.
550 4493 577 4530 ιι
599 4495 605 4540 ;

294 4540 440 4608 “Implebo
453 4545 570 4596 Domum
582 4547 652 4598 banc
662 4548 757 4612 gloria,
770 4549 838 4601 Mitt
851 4551 1000 4616 Argentum
1013 4563 1040 4604 et
1058 4553 1126 4604 Mihi
1139 4554 1250 4615 Aurum,
1264 4569 1290 4606 rn
1347 4571 1364 4606 a

372 4610 526 4740 &gloria
543 4611 647 4663 Domus
667 4614 748 4678 liujus
768 4617 924 4680 posterioris
942 4634 1006 4682 prae
1023 4621 1119 4684 prioris
1127 4619 1141 4640 ”
1158 4621 1253 4688 (Haggr
1269 4571 1362 4688 iffi]

388 4713 396 4734 1
442 4714 449 4738 i
