3384 5400
577 701 656 752 cna.
673 690 1091 770 x1v.,veus.9.—u.634
1332 703 1390 773 54¹

278 875 357 940 lone
383 855 566 958 sequantur
591 875 624 938 in
649 875 775 950 ordine,
801 884 980 957 postquam
1007 872 1119 938 adium
1146 883 1199 939 est
1223 874 1266 939 de
1292 875 1393 939 Novo

278 967 383 1033 Caelo
401 967 593 1033 Christiano
615 980 650 1033 et
670 969 712 1034 de
735 969 1055 1052 Evangelizatione;
1078 969 1143 1032 hoc
1161 971 1265 1033 etiam
1287 971 1392 1052 signi-

279 1065 399 1130 ficatur
416 1087 476 1150 per
496 1067 679 1132 “secutus’'

336 1167 433 1247 632.
462 1165 566 1236 “Ouio
590 1185 632 1228 er
653 1165 716 1228 rino
740 1165 807 1228 irre
831 1164 1029 1228 scortationis
1052 1184 1131 1228 erae
1151 1165 1269 1246 poturit
1289 1185 1394 1230 omnes

274 1257 422 1339 genteef'
445 1253 614 1338 significat
638 1256 720 1337 quia
739 1264 805 1335 per
821 1254 1110 1335 prophanationes
1142 1255 1252 1331 Verbi,
1276 1265 1310 1319 et
1328 1265 1394 1338 per

276 1348 532 1412 adulteratum
562 1346 639 1408 boni
663 1357 695 1409 et
719 1345 794 1410 veri
815 1345 988 1422 Ecclesiae,
1016 1347 1149 1410 seduxit
1177 1369 1285 1411 omnes
1311 1369 1393 1430 quos

275 1442 416 1507 dominio
431 1463 490 1505 suo
505 1441 660 1524 subjicere
669 1439 895 1521 potuit-Per
908 1445 928 1473 “
937 1439 1147 1522 Babylonem
1155 1443 1171 1467 ”
1186 1441 1393 1524 significatur

276 1536 484 1619 Religiosum
502 1534 680 1600 Catholico
697 1533 899 1609 Romanum,
912 1545 949 1598 ut
966 1555 1084 1616 supra;
1110 1536 1276 1598 “vinum''
1288 1538 1392 1619 signi-

275 1631 353 1696 ficat
373 1650 488 1694 verum
508 1651 552 1694 ex
571 1631 672 1704 bono,
692 1639 727 1692 et
746 1630 779 1691 in
798 1630 957 1711 opposito
975 1648 1075 1691 sensu
1097 1627 1216 1718 salsum
1236 1651 1280 1693 ex
1300 1630 1392 1696 malo

278 1725 323 1808 (n.
345 1726 442 1806 316);
473 1735 507 1789 et
532 1725 723 1787 “scortatio
732 1723 747 1748 ”
770 1723 937 1805 significat
959 1722 1228 1787 falsificationem
1251 1727 1331 1801 veri,
1355 1738 1392 1790 et

276 1821 352 1884 “ira
375 1817 614 1883 scortationis”
637 1815 802 1898 significat
829 1816 1112 1881 adulterationem
1139 1828 1174 1881 et
1201 1819 1391 1901 prophana-

274 1916 402 1978 tionem
421 1911 467 1994 (η.
484 1912 556 1995 134)
570 1934 578 1990 ;
599 1917 748 1994 “potare
758 1931 876 1974 omnes
891 1922 1012 1993 gentes
1020 1912 1036 1936 '⁹
1047 1911 1215 1994 significat
1232 1913 1392 1978 seducere

274 2029 392 2074 omnes
407 2029 491 2090 quos
507 2007 654 2070 dominio
671 2027 731 2069 suo
747 2003 908 2086 subjicere
924 2017 1125 2087 potuerunt;
1148 2028 1209 2090 per
1221 2009 1391 2090 “potare’'

274 2124 319 2167 ex
341 2102 399 2165 illo
418 2102 496 2165 vino
519 2099 725 2182 significatur
745 2100 915 2175 seducere,
935 2110 970 2163 et
993 2120 1053 2183 per
1072 2107 1221 2183 “gentes
1230 2102 1245 2127 '’
1263 2103 1390 2186 signifi·
1472 2106 1475 2114 “

273 2207 393 2262 cantur
411 2197 466 2278 qui
485 2196 546 2258 sub
563 2196 702 2278 imperio
720 2193 853 2257 illorum
872 2204 960 2257 sunt.

332 2300 433 2380 633.
458 2310 545 2378 [νινε.
559 2308 595 2376 9.]
620 2297 685 2358 “Et
704 2295 814 2359 tertius
827 2295 960 2379 Angelus
978 2302 1107 2360 seertue
1121 2303 1172 2360 eet
1190 2297 1269 2370 illos,
1284 2299 1391 2364 diuers

275 2406 346 2450 rore
366 2385 515 2468 moyno,''
529 2384 696 2467 significat
712 2385 820 2448 adhuc
833 2407 855 2448 a
868 2385 1012 2448 Durnino
1025 2385 1066 2448 de
1079 2386 1153 2449 illis
1168 2388 1229 2468 qui
1248 2388 1285 2450 in
1305 2389 1392 2453 Fide

272 2489 431 2561 separata
449 2501 470 2541 a
490 2477 768 2540 charitate-Per
788 2480 953 2541 “tertium
977 2477 1149 2558 Angelum
1173 2489 1326 2543 secutum
1349 2481 1389 2545 il·

273 2573 347 2637 los”
362 2573 568 2655 significatur
587 2572 696 2634 adhuc
719 2593 739 2634 a
763 2571 911 2634 Domino
929 2573 1018 2654 quod
1042 2573 1191 2654 sequitur
1208 2575 1241 2635 in
1260 2576 1387 2649 ordine,

273 2688 350 2733 nam
366 2689 425 2751 per
438 2672 457 2701 ⁴⁴
467 2665 640 2748 Angelum
648 2665 664 2691 '’
676 2667 709 2730 in
722 2685 878 2749 supremo
890 2665 997 2729 Sensu
1013 2665 1212 2749 intelligitur
1224 2667 1389 2733 Dominus

274 2764 320 2847 (n.
341 2763 440 2845 626);
464 2784 564 2827 causa
587 2772 650 2837 est,
675 2764 751 2845 quia
775 2762 931 2844 Angelus
954 2762 1033 2825 dum
1058 2762 1202 2845 loquitur
1225 2763 1387 2842 Verbum,

272 2871 308 2924 ut
327 2860 400 2935 hic,‘
412 2879 480 2921 non
499 2858 645 2939 loquitur
663 2879 682 2920 a
701 2877 737 2920 se
755 2858 816 2921 sed
839 2878 859 2919 a
878 2857 1045 2934 Domino;
1069 2878 1128 2939 per
1148 2860 1287 2922 “dicere
1304 2881 1388 2925 voce

272 2952 419 3036 magna'’
438 2951 644 3034 significatur
662 2951 694 3014 id
713 2952 802 3034 quod
822 2952 981 3034 sequitur,
1001 2953 1091 3034 quod
1114 2962 1167 3015 est
1186 2952 1229 3016 de
1247 2952 1387 3016 damna·

270 3049 362 3111 tione
387 3046 518 3110 illorum
545 3047 599 3129 qui
624 3066 660 3108 se
683 3047 754 3108 vita
780 3056 814 3109 et
838 3043 991 3109 doctrina
1017 3044 1216 3110 confirmant
1243 3048 1276 3109 in
1304 3048 1388 3112 Fide

271 3152 426 3224 separata
448 3163 468 3204 a
487 3141 661 3204 charitate.
707 3139 741 3201 A
758 3161 857 3203 versu
879 3156 891 3201 1
913 3140 956 3203 ad
982 3155 997 3221 5
1017 3139 1111 3220 hujus
1132 3141 1252 3221 capitis
1274 3138 1387 3206 actum

271 3246 323 3299 est
346 3236 388 3299 de
412 3234 512 3297 Novo
535 3232 640 3297 Caelo
663 3232 875 3312 Christiano;
898 3244 933 3297 et
952 3256 1036 3297 vers.
1055 3234 1085 3305 6,
1102 3249 1132 3313 7,
1149 3235 1192 3297 de
1214 3237 1386 3316 praedica·

269 3332 363 3394 tione
376 3328 564 3411 Evangelii,
577 3328 641 3391 hoc
655 3338 718 3402 est,
733 3328 914 3391 Adventus
928 3328 1063 3391 Domini
1075 3329 1119 3391 ad
1134 3329 1387 3394 instaurandum

271 3424 403 3488 Novam
421 3423 609 3487 Ecclesiam
623 3444 629 3501 ;
654 3434 688 3486 et
701 3424 778 3505 quia
793 3422 839 3486 illi
852 3424 908 3505 qui
923 3424 956 3486 in
974 3423 1057 3485 Fide
1072 3433 1228 3504 separata
1243 3444 1264 3487 a
1279 3425 1386 3487 chari-

269 3528 342 3582 tate
355 3519 505 3591 obstant,
520 3520 668 3600 sequitur
684 3537 771 3580 nunc
788 3517 1007 3580 comminatio
1019 3528 1053 3580 et
1066 3517 1279 3581 denuntiatio
1290 3520 1387 3582 dam-

269 3615 415 3676 nationis
434 3614 476 3676 ad
495 3612 571 3675 illos
590 3613 644 3695 qui
663 3612 772 3675 adhuc
791 3612 824 3674 in
843 3611 901 3675 illa
919 3610 983 3675 fide
1002 3622 1230 3693 perseverant.

329 3717 431 3799 634·
459 3714 523 3779 ‘u‘
547 3714 613 3797 quie
641 3713 776 3777 Bestiam
804 3714 981 3776 adoraverit
1006 3720 1041 3777 et
1065 3714 1226 3796 imaginem
1253 3714 1330 3797 ejus,
1355 3724 1390 3779 et

269 3805 429 3887 receperit
441 3804 657 3867 ehurootemm
671 3822 766 3884 super·
779 3804 880 3866 tronto
894 3810 928 3866 et
938 3823 1034 3884 super·
1045 3824 1136 3865 mone
1150 3805 1247 3877 euo,''
1257 3805 1384 3887 signifi-

268 3907 324 3960 cat
344 3896 404 3979 qui
417 3896 566 3979 agnoscit
582 3908 614 3959 et
631 3896 746 3977 reir'pit
763 3896 948 3963 dorin'nam
966 3896 1252 3979 dejusteficntione
1267 3906 1299 3959 et
1316 3897 1385 3959 sal·

267 3991 397 4055 vatione
409 4001 474 4072 per
490 3990 595 4053 solam
613 3990 739 4063 Fidem,
759 3990 931 4073 confirmat
948 3991 1052 4065 illam,
1067 4002 1100 4053 et
1113 3990 1199 4053 orori
1212 3990 1386 4054 secundum

267 4085 477 4148 illam-Per
491 4085 658 4147 “adorare
675 4084 824 4148 Bestiam
832 4084 847 4109 ”
863 4084 1070 4165 significatur
1081 4104 1267 4165 agnoscere
1283 4082 1384 4147 fidem

267 4179 360 4242 illam
385 4178 432 4261 (n.
459 4176 553 4259 580);
585 4198 644 4259 per
668 4178 835 4241 “adorare
858 4180 1039 4260 Imaginem
1064 4178 1156 4260 ejus”
1179 4177 1385 4259 significatur

268 4270 454 4354 agnoscere
477 4282 511 4335 et
534 4274 681 4354 recipere
704 4271 892 4336 doitrinam
916 4273 1007 4335 illam
1033 4272 1079 4354 (n.
1098 4272 1196 4352 603);
1220 4292 1280 4353 per
1301 4276 1384 4334 “ac-

268 4368 377 4449 cipere
393 4364 620 4430 charad'terem
638 4388 736 4448 super
751 4366 861 4430 fronte
877 4378 912 4430 et
928 4388 1027 4449 super
1042 4366 1166 4429 manu’'
1178 4364 1385 4447 significatur

268 4462 413 4542 recipere
428 4460 520 4524 illam
537 4480 651 4524 amore
667 4471 701 4524 et
718 4459 793 4535 fide,
810 4472 844 4525 et
863 4460 1059 4525 confirmare
1074 4483 1112 4524 se
1127 4463 1159 4523 in
1176 4460 1233 4522 illa
1250 4459 1297 4542 (n.
1309 4461 1382 4540 605,

266 4552 365 4637 606);
389 4565 422 4617 et
445 4556 522 4637 quia
544 4555 590 4618 illi
614 4556 668 4637 qui
692 4576 728 4618 se
750 4555 950 4619 confirmant
975 4558 1007 4618 in
1030 4555 1087 4618 illa
1110 4576 1225 4618 amore
1247 4565 1282 4618 et
1305 4554 1382 4628 fide,

268 4649 369 4711 etiam
385 4650 501 4712 vivunt
518 4651 700 4712 secundum
719 4649 821 4727 illam,
839 4650 942 4713 etiam
961 4650 1025 4713 hoc
1042 4649 1250 4732 intelligitur.
1295 4647 1381 4712 Sunt
