3384 5400
545 675 625 727 CAP.
642 674 716 737 XX„
733 674 835 725 VERS.
850 673 961 740 4.-N.
978 662 1048 740 847.
1292 676 1353 742 755

236 848 316 915 in'de
337 846 441 921 salsis,
461 855 520 909 aut
542 845 576 908 in
598 843 689 908 salsis
712 853 747 908 et
774 864 833 927 per
855 842 912 907 illa
935 844 968 907 in
991 841 1099 917 malis,
1123 850 1159 907 et
1182 850 1298 907 tamen
1322 844 1354 907 in

235 944 390 1007 externis
411 942 446 1004 in
468 939 562 1003 cultu
585 938 728 1002 Divino:
760 938 850 1021 quod
873 958 933 1020 per
956 938 1126 1001 “securim
1137 937 1152 962 ”
1174 938 1208 1001 id
1234 935 1354 1001 salsum

237 1034 455 1117 significetur,
475 1034 643 1097 videbitur
664 1034 698 1096 in
720 1032 875 1114 sequenti
898 1031 1058 1095 articulo:
1091 1051 1151 1113 ρετ
1171 1032 1355 1097 “testimo-

236 1131 328 1194 nium
361 1128 441 1211 Jesu
472 1137 509 1191 et
538 1126 691 1190 Verbum
724 1125 811 1189 Dei”
840 1124 1048 1208 significatur
1079 1126 1210 1207 agnitio
1244 1124 1356 1188 Divini

237 1224 377 1287 Domini
395 1224 429 1285 in
449 1220 610 1285 Humano
629 1220 748 1303 Ipsius,
768 1219 876 1282 slmile
894 1219 991 1301 quod.
1004 1238 1063 1301 per
1081 1220 1164 1282 haec
1184 1226 1302 1301 supra:

285 1369 424 1496 Jouarpes
439 1368 620 1495 “test)ihcstus
637 1377 679 1418 est
692 1366 809 1417 Verbum
829 1366 879 1416 Del
896 1376 923 1417 et
941 1367 1135 1417 Testimonium
1153 1366 1218 1433 Jesu
1235 1366 1335 1418 Christi
1343 1366 1358 1388 '⁹

378 1436 453 1497 Apoc.
465 1435 509 1484 ts
530 1447 536 1489 :

287 1500 404 1551 Michnel
416 1508 444 1548 et
454 1498 543 1561 angeli
556 1498 677 1547 vicerunt
689 1497 840 1547 Drsconem
856 1498 928 1561 “per
940 1497 1102 1561 Sanguinem
1116 1497 1188 1560 Agni
1200 1508 1227 1547 et
1238 1497 1357 1549 Verbum

368 1564 528 1614 Testimonii
540 1564 582 1613 sui
590 1563 605 1583 ''
616 1564 703 1627 (Apoc.
714 1564 758 1612 xil.
772 1562 828 1625 nl:

286 1630 377 1681 Draco
390 1630 499 1679 “abivit
508 1638 539 1679 ut
556 1629 656 1678 iaceret
667 1628 765 1677 bellum
778 1642 837 1677 cum
851 1628 959 1691 reliquls
970 1628 1081 1677 seminis
1093 1628 1160 1690 ejus,
1174 1628 1219 1691 qul
1231 1630 1359 1678 tenebunt

369 1696 496 1745 mandatu
506 1694 564 1751 Dei,
575 1704 602 1743 et
613 1694 713 1743 habent
723 1692 920 1743 Testimonium
933 1692 997 1758 Jesu
1010 1692 1108 1743 Christi
1116 1692 1131 1713 ”
1143 1692 1176 1755 (Α
1209 1710 1229 1743 c.
1241 1695 1286 1744 xii.
1301 1695 1342 1755 17)
1352 1710 1357 1751 ;

289 1761 470 1811 “Conservus
480 1760 591 1809 fratrum
601 1768 707 1809 tuorum
720 1774 779 1808 sum
792 1758 947 1807 habentium
958 1758 1155 1808 Testimonium
1185 1774 1232 1808 esu
1241 1758 1357 1809 Christi:

370 1826 566 1876 Testimonium
575 1825 641 1892 Jesu
651 1834 694 1875 est
704 1825 813 1887 spiritus
825 1823 1001 1887 prophetise”
1013 1822 1100 1889 (Apu.
1114 1825 1166 1874 xix.
1181 1821 1262 1886 rol¹l);

239 1970 331 2055 quod
357 1990 416 2053 per
444 1967 503 2032 illa
525 1965 733 2049 significetur
756 1964 902 2047 Agnitio
924 1964 1037 2029 Divini
1060 1965 1197 2031 Domini
1226 1968 1260 2029 in
1285 1966 1360 2030 Hu-

240 2084 343 2128 mano
366 2063 485 2146 Ipsius,
509 2071 612 2144 atque
634 2060 718 2125 Vita
740 2061 926 2123 secundum
949 2080 1028 2123 vera
1050 2059 1155 2123 Verbi
1182 2060 1300 2143 Ipsius,
1324 2062 1358 2124 in

239 2161 353 2243 specie
371 2156 556 2221 secundum
576 2165 758 2237 praecepta
777 2153 954 2235 Decalogi,
976 2154 1129 2217 videatur
1151 2155 1183 2217 in
1205 2155 1375 2236 explica-'

240 2251 389 2317 tionibus
412 2270 511 2332 super
539 2248 606 2313 illis
635 2248 729 2312 locis.
774 2246 861 2311 Sunt
891 2249 955 2311 hae
985 2249 1118 2310 animae
1141 2248 1292 2323 eaedem,
1317 2249 1360 2312 de

239 2347 359 2431 quibus
377 2364 477 2427 supra
495 2344 651 2407 dicuntur
669 2344 772 2406 haec:

292 2489 379 2540 “Vidi
397 2490 489 2567 subter
504 2487 581 2565 sltssi
599 2486 704 2536 animes
715 2486 863 2536 occisorum
882 2496 991 2550 propter
1001 2485 1119 2535 Verbum
1138 2485 1189 2535 Dei
1205 2493 1233 2535 et
1249 2494 1361 2564 propter

371 2553 861 2684 litlizt‘tntrtltlttllst
871 2552 1360 2679 {lultt‘llltltt{titillet

371 2686 530 2748 sanguiuem
543 2686 663 2734 nostntrh
676 2684 709 2733 de
724 2680 906 2733 habitantibus
918 2697 998 2747 super
1009 2691 1095 2734 terra:
1119 2692 1145 2732 et
1157 2683 1235 2732 datae
1247 2682 1361 2744 singulis

372 2753 457 2802 stolae
466 2752 552 2808 albae,
563 2759 591 2799 et
601 2748 701 2800 ditium
714 2751 762 2805 eis.
774 2760 803 2798 ut
815 2750 1011 2812 requIescerent
1022 2749 1108 2798 adhuc
1120 2757 1226 2810 tempus
1238 2761 1358 2810 parvum,

372 2832 456 2932 psque
473 2815 907 2944 ⁶⁰2·⁶9m⁹¹⁶t⁰·t1i¹·¹··‘(24{2,⁰⁵efvi
924 2829 1017 2940 eopum
1035 2823 1062 2864 et
1082 2815 1178 2864 iratres
1195 2827 1297 2871 eorum,
1317 2814 1361 2876 qui

384 2892 520 2931 utunoccr
539 2890 653 2931 rstcute
676 2896 713 2930 ιι
828 2893 982 2942 .vr.9-11;

241 3047 327 3112 quae
346 3025 520 3109 explicata
537 3025 715 3087 videantur
736 3021 782 3104 (n.
804 3021 975 3104 325-329).

305 3120 403 3204 847.
434 3119 474 3182 In
506 3118 624 3182 Verbo
656 3118 781 3200 passim
814 3118 946 3191 dicitur,
978 3117 1068 3199 quod
1101 3117 1231 3180 “occisi
1265 3116 1361 3192 sint,”

243 3214 334 3298 quod
355 3212 567 3288 “transfixi''
585 3215 654 3276 imo
672 3213 823 3275 “mortui
835 3211 861 3289 ;”
883 3222 918 3274 et
938 3222 1053 3275 tamen
1072 3231 1141 3275 non
1162 3209 1362 3293 intelllgitur

243 3307 335 3392 quod
361 3307 475 3382 occisi,
499 3305 653 3370 translixi
676 3315 712 3368 et
735 3306 869 3379 mortui,
894 3305 953 3368 sed
976 3306 1065 3388 quod
1092 3303 1205 3384 rejetii
1231 3304 1362 3368 abillis

243 3406 298 3487 qui
316 3405 350 3465 in
367 3401 464 3465 malis
483 3411 518 3466 et
536 3401 627 3464 salsis
643 3409 721 3462 sunt
740 3398 909 3480 (videatur
927 3418 958 3462 n.
978 3413 1026 3480 59,
1045 3415 1115 3480 325,
1136 3398 1230 3481 589);
1254 3399 1362 3463 simile

243 3517 304 3580 ρετ
327 3495 531 3560 “mortuos'’
553 3493 762 3576 significatur
791 3495 823 3556 in
855 3495 1009 3577 sequenti
1031 3515 1139 3569 versu,
1163 3494 1219 3557 ubi
1242 3493 1364 3557 dicitur

244 3592 335 3676 quod
359 3589 504 3673 “reliqui
527 3599 736 3654 mortuorum
759 3607 828 3651 non
852 3590 1046 3661 revixerint,
1071 3589 1180 3651 donec
1204 3607 1363 3651 consum·

246 3693 419 3749 morentur
440 3683 533 3746 mille
556 3683 635 3746 anni
646 3681 673 3744 :”
695 3703 740 3745 ex
762 3682 882 3764 quibus
905 3692 1012 3765 patet,
1032 3682 1122 3764 quod
1146 3701 1205 3764 per
1227 3683 1289 3744 hos
1308 3683 1363 3764 qui

244 3779 401 3842 dicuntur
421 3778 556 3840 “securi
575 3777 723 3859 percussi
731 3775 746 3800 ”
764 3774 972 3857 sIgnificetur
990 3776 1079 3858 quod
1101 3773 1213 3856 rejeiii
1233 3776 1276 3838 ab
1298 3775 1363 3839 illis

245 3874 300 3957 qui
315 3874 349 3938 in
364 3871 457 3936 salsis
468 3891 514 3935 ex
529 3872 662 3953 propria
675 3869 902 3951 intelligentia
914 3879 1002 3933 sunt.
1048 3867 1149 3951 Quod
1165 3889 1225 3952 ρετ
1238 3875 1364 3932 “secu-

245 3966 324 4032 rim'’
335 3965 543 4049 significetur
552 3964 672 4028 salsum
682 3985 726 4027 ex
738 3965 870 4047 propria
880 3963 1118 4046 intelligentia,
1131 3973 1226 4045 patet
1237 3983 1281 4026 ex
1293 3963 1360 4027 his:

296 4118 315 4139 ⁴·
324 4102 428 4165 Ststu'ts
437 4113 558 4178 gentium
571 4113 684 4171 vanitas,
698 4113 721 4162 si
733 4113 839 4197 guidem
852 4112 954 4176 lignum
972 4113 1006 4162 de
1018 4113 1097 4177 sylva
1108 4113 1214 4168 excidit.
1229 4127 1298 4176 opus
1310 4127 1365 4162 ma·

376 4194 460 4229 nuum
472 4179 540 4228 labri
552 4193 601 4242 per
612 4179 729 4228 Securim
765 4178 872 4256 (Jerem.
885 4194 909 4228 x.
922 4179 963 4240 gl:

298 4244 384 4295 “Vox
395 4245 513 4308 Aegypti
525 4245 594 4294 sicut
604 4245 738 4306 serpentis
753 4244 800 4292 ibit
811 4256 817 4302 ;
834 4259 895 4293 cum
908 4244 1050 4294 securibus
1062 4251 1202 4302 venerunt,
1216 4243 1286 4294 sieut
1296 4243 1366 4293 exci-

377 4325 452 4375 sores
464 4311 598 4372 lignorum
605 4309 620 4328 ’'
631 4310 738 4374 (Jerem.
750 4309 813 4358 xlvi.
825 4308 884 4371 22);

297 4378 317 4402 ⁴⁸
326 4375 505 4439 Cognoscitur
515 4375 584 4424 sieut
593 4375 690 4423 tollens
700 4388 804 4424 sursum
818 4375 845 4423 in
855 4374 999 4437 implexum
1009 4375 1074 4437 ligni
1085 4373 1203 4434 Securos,
1216 4382 1243 4424 et
1253 4373 1364 4438 jamjam

377 4441 526 4504 sculptum
537 4440 597 4503 ejus
608 4440 698 4489 Securi
710 4450 737 4488 et
748 4441 852 4488 malleis
864 4441 1032 4490 contundunt
1042 4455 1049 4497 ;
1067 4441 1093 4490 in
1107 4450 1203 4490 terram
1216 4441 1366 4504 prophana·

379 4518 441 4556 runt
451 4505 631 4556 hebitsculum
644 4505 769 4562 Nominis
781 4504 854 4554 Tui”
866 4503 974 4562 (Psalm.
985 4505 1067 4556 lxxiv.
1080 4504 1153 4567 5-7);

300 4570 394 4621 ‘'Cum
406 4571 537 4621 obsideris
554 4572 647 4620 urbem
666 4585 721 4620 non
739 4571 835 4633 perdes
846 4571 970 4620 arborem
988 4571 1048 4634 ejus
1066 4571 1229 4634 impellendo
1246 4571 1273 4622 in
1293 4569 1365 4620 lllsm

379 4636 519 4688 Securim”
530 4635 620 4700 (Dent.
631 4651 675 4687 xx.
689 4635 744 4700 19);
