3384 5400
387 685 452 749 686
712 698 957 751 neoennvssrs
980 690 1190 751 anvarnus.

439 866 477 919 Ut
484 868 574 917 omnis
584 866 723 931 Pinguedo
731 882 766 917 ex
774 868 926 918 sacdficatis
936 882 1017 932 super
1025 869 1112 919 Alteri
1121 868 1272 919 adoleretur
1279 868 1371 931 (uxor.
1381 870 1449 921 xxix.
1461 882 1493 931 13,

519 946 567 991 aa:
584 933 667 983 levit.
678 933 695 983 i.
709 935 741 991 8:
764 948 822 997 esp.
836 934 873 984 iii.
888 935 967 995 3-16;
985 949 1043 998 cup.
1055 935 1090 987 iv.
1102 936 1182 997 8-353
1199 949 1257 999 cap.
1271 936 1316 987 vii.
1331 948 1355 999 3,
1368 950 1393 997 4,
1403 949 1442 997 ³⁰·
1454 949 1496 997 31:

518 1014 576 1063 cap.
586 998 650 1050 xvii.
662 995 714 1057 6³1:
730 1000 816 1050 Num.
827 1000 900 1050 xviii.
916 1012 954 1061 17,
968 1000 1016 1063 18).

448 1168 489 1231 ln
504 1168 662 1249 opposito
677 1188 777 1231 sensu
793 1188 853 1249 per
870 1172 888 1201 ‘⁴
900 1168 1041 1251 pingues
1050 1168 1066 1194 ”
1081 1168 1312 1250 significantur
1330 1168 1377 1233 illi
1393 1170 1445 1253 qui
1458 1170 1496 1234 ad

388 1264 515 1325 bonum
535 1272 709 1338 nauseant,
728 1273 763 1326 et
783 1263 860 1346 quia
879 1264 1016 1327 nimium
1034 1273 1086 1328 est
1107 1264 1141 1327 id
1160 1275 1385 1329 contemnunt
1400 1275 1434 1330 et
1451 1286 1497 1329 rc·

388 1355 502 1420 iiciunt

438 1536 541 1598 (Deutr.
556 1536 637 1587 xxxii.
654 1549 701 1599 15:
728 1538 823 1603 Jeme
837 1554 864 1589 v.
879 1536 947 1597 28⁸1:
971 1526 1029 1603 cap.
1044 1538 1061 1589 l.
1078 1550 1124 1595 11:
1147 1538 1247 1589 Psolm.
1262 1538 1325 1589 xvii.
1342 1551 1389 1597 10:
1404 1538 1498 1589 Psolor.

515 1616 599 1731 ffb?
627 1600 674 1669 [B.
698 1604 734 1654 A.
756 1601 802 1669 3];
833 1605 934 1657 Psalm.
958 1605 1059 1657 lxxviii.
1081 1600 1156 1666 311213
1184 1604 1285 1655 Proles.
1306 1604 1376 1655 cxix.
1399 1615 1446 1666 7οῑ
1473 1614 1498 1654 et

570 1684 598 1720 r.

446 1823 543 1906 783.
568 1833 654 1901 [Vm.
669 1831 722 1898 15·]
748 1822 966 1885 ‘Iomnium
980 1820 1085 1884 iorum
1100 1822 1154 1905 qui
1163 1822 1268 1887 divitas
1284 1824 1366 1887 {uoti
1381 1826 1421 1889 rri
1439 1826 1497 1899 iiio,

387 1933 405 1977 e
419 1912 580 1995 ionyinquo
592 1911 717 1974 motuni
726 1918 854 1992 proptor·
867 1911 1003 1973 timorem
1018 1912 1178 1977 eruciatus
1192 1912 1270 1996 ejus,
1285 1914 1395 1978 ionias
1409 1922 1443 1979 ot
1457 1918 1499 1978 lu·

384 2003 534 2086 „speum”
548 2002 715 2084 significat
730 2011 858 2065 statum
879 2012 957 2064 ante
977 2001 1233 2080 damnationem,
1250 2024 1289 2067 ac
1308 2014 1386 2068 tunc
1406 2006 1497 2069 ti'mo-

386 2118 456 2159 rem
473 2106 506 2158 et
523 2095 784 2159 lamentationem
799 2092 942 2169 illorum,
959 2094 1019 2176 qui
1028 2102 1093 2175 per
1109 2095 1226 2159 varias
1241 2096 1498 2177 dispensationes

385 2200 418 2253 et
445 2190 682 2271 promissiones
707 2189 909 2271 gaudiorum
937 2188 1132 2266 coelestrum,
1163 2189 1287 2254 lucrati
1311 2184 1521 2256 sunt—Per¹

388 2291 623 2348 “mercatores
641 2284 789 2359 horum,”
807 2303 929 2366 nempe
947 2280 1111 2349 sruiiuum
1130 2285 1284 2350 desiderii
1302 2288 1444 2363 animae,
1463 2307 1498 2350 ac

386 2380 559 2461 pinguium
578 2388 613 2443 et
636 2378 899 2461 splendidorum,
919 2378 1098 2461 dequibus
1120 2380 1153 2443 in
1176 2400 1259 2443 mox
1278 2382 1499 2464 praecedente

386 2493 495 2547 versu,
519 2472 750 2555 significantur
778 2472 826 2535 illi
856 2473 912 2555 qui
941 2492 1000 2555 per
1029 2473 1138 2535 varias
1164 2472 1444 2555 dispensationes,
1466 2485 1499 2538 et

387 2567 624 2648 promissiones
643 2566 840 2648 gaudiorum
859 2567 1065 2640 caelestium,
1085 2566 1207 2631 divites
1229 2564 1307 2630 iacti
1330 2578 1419 2643 sunt,
1438 2570 1499 2633 hoc

386 2671 450 2736 est,
465 2660 602 2725 lucrati:
627 2682 686 2744 per
700 2661 764 2726 hos
776 2666 1010 2726 “mercatores
1018 2661 1033 2687 ”
1048 2660 1283 2744 intelliguntur
1298 2681 1417 2728 omnes
1433 2673 1500 2729 tam

385 2757 572 2837 superiores
591 2776 690 2839 quam
714 2756 883 2820 inferiores
906 2758 938 2820 in
962 2757 1079 2822 ordine
1097 2757 1340 2821 Ecclesiastico
1359 2758 1499 2832 illorum,

385 2851 441 2932 qui
465 2870 523 2932 per
542 2849 622 2913 talia
641 2850 759 2913 lucrati
778 2859 867 2915 sunt.
911 2850 1012 2932 Quod
1031 2852 1133 2914 etiam
1153 2853 1349 2933 superiores,
1369 2863 1501 2935 pateta

384 2965 482 3007 versu
505 2960 556 3024 23,
580 2944 674 3025 hujus
696 2945 827 3027 capitis,
851 2945 1059 3020 ubidicitur,
1084 2943 1199 3026 “Quia
1223 2958 1431 3011 mercatores
1456 2947 1501 3012 tui

385 3049 483 3102 erant
496 3049 674 3120 magnates
687 3047 796 3102 terrae
808 3038 833 3117 ;”
852 3039 942 3122 quod
958 3039 1138 3113 inferiores,
1152 3060 1172 3102 a
1184 3061 1279 3102 versu
1297 3037 1360 3103 ΗΜ
1375 3040 1500 3124 (videa-

385 3145 440 3197 tur
456 3154 564 3215 supra‚
581 3154 612 3196 n.
629 3133 705 3216 771)
720 3155 728 3211 3
753 3153 811 3215 per
828 3139 947 3198 “stare
963 3155 982 3198 e
998 3134 1184 3217 longinquo
1196 3146 1334 3217 propter
1346 3137 1499 3200 timorem

385 3230 562 3304 cruciatus,
582 3227 702 3291 flentes
721 3238 756 3291 et
775 3227 955 3309 lugentes”
973 3227 1180 3310 significatur
1198 3229 1277 3292 dum
1296 3229 1406 3293 adhuc
1425 3240 1500 3293 sunt

385 3323 418 3385 in
438 3333 530 3386 statu
546 3332 678 3386 remoto
695 3342 717 3385 a
734 3322 963 3397 damnatione,
980 3333 1015 3387 et
1032 3342 1136 3405 usque
1154 3325 1187 3385 in
1207 3325 1327 3386 timore
1344 3334 1425 3388 tunc
1442 3344 1500 3406 pro

386 3419 515 3498 poenis,
539 3427 574 3480 et
600 3417 634 3480 in
660 3415 916 3492 lamentatione,
940 3427 977 3480 ut
1000 3437 1100 3500 supra
1123 3415 1170 3500 (n.
1193 3416 1282 3500 769),
1306 3419 1362 3481 ubi
1383 3417 1502 3483 similia

386 3512 551 3574 dicuntur.

447 3604 546 3688 784·
576 3602 677 3685 Quod
696 3606 821 3668 attinet
841 3605 1111 3688 dispensationes
1134 3626 1193 3688 per
1215 3627 1297 3688 quas
1320 3605 1499 3681 lucrantur,

384 3710 463 3762 sunt
493 3699 571 3762 illae
596 3701 717 3763 variae.
762 3697 849 3762 Sunt
872 3700 1142 3781 dispensationes
1171 3701 1260 3764 circa
1289 3702 1501 3764 matrimonia

384 3795 474 3857 intra
495 3794 619 3874 gradus
641 3795 675 3856 in
698 3792 829 3874 legibus
852 3794 1038 3876 prohibitos
1061 3795 1311 3858 contrahenda:
1342 3797 1435 3874 circa
1453 3797 1500 3858 di·

384 3889 512 3951 vortia:
537 3889 625 3950 circa
644 3887 743 3962 mala,
763 3890 865 3950 etiam
889 3890 1048 3963 enormia,
1069 3900 1104 3953 et
1126 3900 1205 3952 tunc
1228 3889 1461 3954 liberationem
1482 3909 1501 3952 a

384 3983 501 4063 poenis
520 3981 780 4063 temporalibus:
805 3991 877 4045 tum
896 3985 999 4046 etiam
1019 4003 1077 4066 per
1096 3983 1342 4065 indulgentias:
1366 3984 1500 4066 dispen-

384 4077 534 4140 sationes
555 4076 643 4139 circa
662 4077 845 4139 ministeria
868 4077 994 4159 absque
1019 4077 1085 4141 ulla
1108 4087 1280 4160 potestate
1303 4088 1361 4143 aut
1383 4090 1499 4144 aucto-

384 4171 486 4236 ritate
508 4168 748 4249 saecularium
782 4172 871 4233 inter
892 4191 978 4254 quae
1000 4173 1104 4235 etiam
1127 4182 1205 4235 sunt
1229 4172 1500 4237 confirmationes

384 4265 566 4327 ducatuum
599 4276 634 4328 et
667 4265 931 4347 principatuum:
973 4277 1148 4349 praeterea
1177 4287 1236 4349 per
1265 4269 1499 4350 promissiones

384 4359 583 4440 gaudiorum
602 4358 798 4422 caelestium
817 4356 923 4423 iadtas
942 4359 1080 4443 illisqui
1102 4361 1214 4424 ditant
1232 4363 1447 4436 monasteria,
1465 4369 1499 4424 et

385 4453 591 4517 thesauraria
620 4453 753 4517 illorum
783 4464 921 4535 augent,
949 4455 1105 4518 vocando
1131 4456 1221 4519 dona
1251 4455 1382 4517 illorum
1413 4456 1499 4518 bona

384 4567 497 4628 opera,
516 4549 550 4610 in
569 4568 605 4612 se
624 4544 752 4622 santia,
768 4557 806 4610 ut
828 4557 864 4611 et
884 4549 1022 4627 merita;
1045 4549 1088 4613 ad
1107 4570 1193 4632 quae
1211 4549 1424 4613 adducuntur
1443 4567 1499 4631 per

384 4643 581 4725 impressam
604 4641 705 4706 fidem
728 4642 770 4706 de
793 4653 968 4725 potestate
991 4653 1026 4708 et
1049 4665 1113 4728 ope
1132 4641 1332 4709 sanctorum
1355 4661 1496 4718 suorum,
