3384 5400
330 636 395 717 ⁶84
652 647 899 699 neocauvests
922 647 1134 709 nevsunrn.

331 839 398 883 non
426 819 538 902 aliqua
563 820 654 883 bona
680 828 716 883 et
742 839 821 883 vera
846 818 914 882 sint
942 840 986 883 ex
1010 817 1137 893 Verbo,
1161 828 1196 883 et
1224 818 1300 883 ideo
1328 838 1389 883 nec
1415 820 1448 883 in

331 911 484 978 doctrina
502 914 644 977 illorum.
689 913 741 977 De
760 914 824 977 hoc
843 914 892 977 ita
910 913 991 976 dicit
1008 912 1190 994 Jerernias:

382 1085 532 1136 “Comedlt
543 1100 594 1141 rne,
608 1086 777 1136 conturbavit
794 1100 838 1134 nne
857 1084 914 1133 Rex
930 1084 1045 1141 Babelis,
1060 1085 1254 1135 constituitote
1266 1100 1314 1135 ves
1327 1100 1445 1145 nauum,

460 1152 602 1229 deglunvtr
612 1153 736 1256 menpicut
747 1162 830 1210 cetus,
845 1150 965 1213 implevit
977 1161 1098 1200 ventrem
1111 1164 1188 1199 suum
1201 1165 1235 1200 ex
1246 1151 1352 1201 deliciis
1360 1150 1447 1201 meis''

381 1285 399 1307 ‘⁴
407 1217 709 1345 Graiissngniiaiipiti
720 1281 835 1339 Babelis,
845 1290 872 1331 et
881 1290 975 1331 contra
983 1296 1075 1332 curnis
1084 1281 1142 1344 ejus
1154 1297 1159 1339 ;
1171 1292 1197 1331 et
1207 1290 1301 1331 contre
1308 1282 1448 1333 thesauros

460 1348 527 1411 ejus,
541 1360 570 1397 ut
582 1348 754 1409 diripiantur;
771 1348 877 1397 siccitas
890 1362 970 1409 super
981 1360 1063 1409 aquas
1075 1347 1142 1409 ejus,
1157 1356 1186 1395 ut
1197 1356 1371 1408 exarescant;
1388 1348 1449 1411 quia

460 1426 533 1464 terra
542 1413 704 1476 sculptilium
715 1412 770 1472 illa,
780 1421 808 1463 et
818 1414 852 1462 de
864 1413 1005 1462 horrendis
1016 1412 1165 1475 gloriantur
1173 1411 1186 1433 '⁸
1196 1412 1304 1477 (Jerrn.
1316 1413 1334 1463 l.
1345 1425 1386 1474 37,
1397 1414 1446 1474 38).

322 1606 325 1615 ·
380 1582 482 1666 782.
507 1593 593 1660 [vers.
608 1591 661 1658 ιφ]
687 1581 752 1644 ‘ft
771 1580 1055 1645 {numerositati
1071 1580 1280 1644 animarem
1291 1581 1451 1646 *suumn

330 1694 350 1735 a
365 1680 408 1745 ta,
421 1679 456 1736 at
473 1671 571 1735 omnir
588 1671 712 1753 pinquis
727 1677 761 1734 ot
771 1670 928 1750 splendida
942 1670 1133 1734 adiurante
1148 1677 1190 1745 ta,
1205 1673 1379 1751 etamplius
1392 1692 1449 1735 non

329 1763 463 1827 inreniu
476 1761 566 1836 illn,''
577 1760 745 1842 significat
756 1761 848 1843 quad
857 1781 968 1824 amnes
983 1760 1207 1824 beatitudines
1221 1771 1254 1823 et
1259 1761 1448 1842 felicitates

333 1855 440 1930 Caeli,
465 1854 565 1918 ettam
595 1864 750 1917 externae
776 1852 890 1935 quales
923 1853 965 1915 ab
994 1852 1064 1916 illis
1092 1853 1278 1935 cupiuntur,
1304 1863 1448 1935 prorsus

330 1950 509 2032 sugr'turae
522 1948 602 2022 sint,
617 1958 649 2010 et
662 1968 725 2011 nau
739 1947 886 2028 amplt'us
901 1948 1131 2029 appariturae,
1148 1948 1226 2029 quia
1240 1968 1303 2011 nou
1318 1948 1450 2033 aliquae

329 2043 518 2127 affedlr'ones
537 2042 660 2106 boniet
678 2042 753 2105 veri
770 2042 922 2105 caelestes
940 2052 973 2105 et-
993 2042 1186 2122 spirituales
1209 2043 1304 2122 apud
1321 2042 1449 2107 illos-—

332 2140 393 2203 Per
412 2137 566 2201 “fructus
584 2137 739 2200 desiderii
756 2138 890 2199 animae
898 2136 913 2159 '⁹
930 2156 996 2199 non
1015 2136 1104 2199 aliud
1124 2135 1331 2218 significatur
1347 2158 1448 2221 quam

330 2233 557 2297 beatitudines
576 2241 611 2295 et
633 2231 812 2295 felicitates
831 2230 934 2305 Caeli,
955 2232 1031 2314 quia
1051 2232 1115 2294 hae
1134 2242 1211 2295 sunt
1231 2231 1357 2296 fructus
1375 2254 1447 2297 orn·

331 2329 422 2391 nium
446 2326 621 2390 doctrinae
647 2336 683 2389 et
709 2325 830 2401 cultus,
860 2326 902 2389 de
930 2326 1047 2408 quibus
1074 2335 1188 2389 actum
1218 2337 1281 2400 est,
1309 2338 1344 2390 et
1372 2330 1449 2410 quia

330 2432 409 2487 sunt
427 2422 594 2486 desideria
615 2421 789 2484 hominum
807 2420 943 2503 quando
966 2422 1162 2495 moriuntur,
1179 2432 1213 2484 et
1233 2442 1366 2504 quoque
1388 2423 1447 2487 dc·

330 2508 452 2582 sideria
469 2537 544 2581 cum
564 2524 718 2580 recentes
740 2516 774 2579 in
797 2515 958 2579 mundum
979 2513 1186 2595 spiritualem
1206 2517 1365 2579 veniunt:
1390 2536 1448 2600 per

332 2613 507 2696 “pinguia,
535 2621 570 2675 et
598 2609 800 2693 splendida”
826 2608 1057 2691 significantur
1084 2608 1279 2675 affectiones
1306 2612 1385 2676 boni
1413 2623 1448 2677 et

329 2710 399 2773 veri
415 2707 580 2771 caelestes
596 2715 631 2770 et
646 2705 836 2788 spirituales
849 2727 855 2782 ;
880 2726 938 2786 per
952 2711 970 2737 ‘¹
980 2706 1115 2788 pinguia
1122 2703 1137 2728 ”
1149 2705 1345 2772 affectiones
1353 2707 1446 2782 boni,

329 2806 374 2866 de
401 2803 520 2885 quibus
549 2802 708 2884 sequitur,
735 2811 770 2864 et
801 2819 861 2880 per
891 2799 1118 2881 “splendida''
1145 2799 1339 2864 affectiones
1367 2805 1446 2878 veri,

330 2918 416 2980 quae
434 2895 611 2976 splendida
627 2895 783 2957 dicuntur
798 2895 874 2977 quia
890 2897 1042 2958 existunt
1061 2915 1105 2956 ex
1124 2892 1197 2957 luce
1213 2893 1306 2957 Caeli
1324 2906 1359 2959 et
1379 2895 1448 2977 ejus

332 2991 511 3073 splendore
534 2990 568 3051 in
591 2989 770 3064 mentibus,
794 2990 883 3051 unde
905 2988 1133 3070 intelligentia
1156 2988 1235 3051 boni
1259 2999 1293 3053 et
1316 2991 1385 3054 veri
1408 3011 1447 3054 ac

331 3086 513 3167 sapientia:
539 3105 598 3167 per
617 3084 736 3146 “abire
759 3093 793 3145 et
817 3103 885 3145 non
908 3083 1056 3146 invenire
1079 3082 1136 3145 illa
1159 3082 1324 3165 amplius”
1344 3085 1447 3166 signi·

331 3179 449 3243 ficator
467 3178 557 3261 quod
579 3177 745 3260 sugiturae
767 3179 833 3240 sint
858 3187 892 3241 et
916 3197 983 3240 non
1004 3179 1111 3258 magis
1131 3177 1352 3258 appariturae,
1371 3181 1448 3262 quia

330 3274 377 3336 illi
397 3275 517 3336 nonin
536 3273 648 3355 aliquo
670 3273 761 3336 bono
783 3282 818 3336 et
841 3293 922 3334 vero
945 3272 1082 3335 caelesti
1106 3282 1140 3335 et
1164 3271 1325 3354 spirituali
1348 3285 1447 3350 sunt;

330 3369 421 3450 quod
450 3369 554 3431 etiam
580 3377 756 3441 externae,
790 3365 906 3449 quales
935 3366 978 3428 ab
1008 3366 1072 3428 illis
1101 3367 1288 3448 cupiuntur,
1316 3366 1447 3442 dicitur,

331 3465 408 3546 quia
425 3482 494 3524 non
517 3461 604 3524 aliae
626 3461 854 3524 beatitudines
876 3470 912 3524 et
934 3459 1113 3523 felicitates
1135 3471 1170 3524 ct
1192 3459 1386 3524 affectiones
1404 3461 1448 3525 ab

330 3557 396 3620 illis
418 3557 596 3639 cupiuntur
613 3575 714 3638 quam
733 3575 914 3637 corporeae
938 3566 972 3619 et
996 3555 1196 3628 mundanae,
1221 3565 1256 3617 et
1279 3555 1356 3620 inde
1379 3576 1447 3619 non

331 3653 415 3715 scire
438 3658 580 3733 possunt
598 3650 676 3732 quid
699 3659 734 3713 et
753 3649 869 3732 quales
891 3648 969 3712 illae
988 3659 1066 3712 sunt
1085 3661 1354 3731 quaevocantur
1371 3669 1447 3714 cae·

332 3746 435 3808 lestes
453 3755 488 3808 et
508 3743 706 3825 spirituales.

394 3837 462 3902 Sed
491 3839 575 3901 haec
605 3838 814 3901 illustrentur
843 3858 902 3919 per
928 3837 1158 3902 detectionem
1188 3838 1288 3900 sortis
1314 3837 1445 3902 illorum

331 3943 409 4014 post
424 3943 584 3996 mortem.
629 3930 757 3994 Omnes
781 3930 826 3994 illi
850 3952 894 3994 ex
917 3932 977 3996 illo
1000 3931 1184 4013 Religioso,
1205 3933 1260 4014 qui
1282 3933 1314 3995 in
1334 3952 1447 3996 amore

330 4027 467 4090 dominii
480 4047 524 4089 ex
538 4046 653 4090 amore
665 4027 714 4088 sui
726 4036 760 4089 et
777 4027 855 4089 inde
868 4027 900 4088 in
914 4047 1027 4089 amore
1040 4027 1154 4089 mundi
1167 4026 1309 4099 fuerunt,
1323 4027 1402 4091 dum
1414 4029 1446 4090 in

331 4122 492 4184 mundum
508 4120 715 4203 spiritualem
731 4122 881 4194 veniunt,
899 4121 988 4202 quod
1008 4119 1044 4183 fit
1061 4123 1176 4185 statim
1194 4130 1272 4202 post
1290 4132 1445 4196 mortem,

331 4235 398 4280 non
410 4217 537 4298 spirant
548 4215 638 4278 aliud
647 4234 748 4298 quam
758 4216 994 4278 dominiumac
1005 4215 1199 4296 voluptates
1209 4216 1311 4277 animi
1321 4236 1365 4278 ex
1378 4215 1445 4290 illo,

331 4320 366 4372 et
377 4310 570 4392 voluptates
579 4310 727 4391 corporis
740 4330 784 4372 ex
797 4309 970 4392 opulentia
982 4331 990 4388 ;
1010 4330 1103 4373 amor
1115 4311 1204 4372 enim
1214 4329 1362 4391 regnans
1372 4329 1445 4373 curn

331 4403 401 4484 ejus
422 4403 656 4466 affectionibus
681 4424 739 4466 seu
765 4404 1046 4486 concupiscentiis
1069 4414 1104 4468 et
1127 4404 1308 4480 desideriis,
1333 4413 1445 4468 rnanet

331 4499 587 4579 unumquemvis
605 4506 683 4579 post
700 4507 855 4561 mortem.
900 4497 968 4562 Sed
984 4499 1060 4580 quia
1078 4518 1172 4562 amor
1190 4498 1384 4563 dominandi
1401 4517 1444 4560 ex

331 4609 448 4656 amore
463 4593 511 4654 sui
528 4612 626 4674 super
641 4602 759 4655 sancta
776 4591 950 4656 Ecclesiae
967 4603 1001 4656 et
1018 4591 1122 4670 Caeli,
1139 4613 1225 4676 quae
1240 4594 1354 4658 omnia
1369 4601 1444 4656 sunt

1635 1342 1642 1485 i
