3384 5400
347 741 410 823 584
780 750 1035 803 nrocatrnsts

345 949 411 1021 per
436 923 607 1008 thronum
622 921 775 1006 Bestiae,
793 937 832 996 et
856 919 991 996 fastum
1018 937 1074 995 est
1098 946 1252 1020 regnum
1270 921 1348 1020 ejus
1365 936 1465 995 tene-

344 1041 503 1124 brosum,
522 1057 560 1114 et
577 1040 800 1114 mandebant
816 1039 958 1137 linguas
974 1065 1059 1114 suas
1076 1065 1163 1136 prae
1181 1038 1356 1113 molestia

400 1179 455 1229 11.
490 1155 539 1228 Et
571 1153 870 1251 blasphemarunt
904 1153 1026 1228 Deum
1056 1152 1156 1228 Caeli
1182 1178 1269 1250 prae
1295 1151 1468 1227 molestiis

345 1270 428 1352 suis,
446 1285 484 1344 et
501 1294 587 1365 prae
606 1268 782 1343 ulceribus
798 1268 884 1352 suis,
897 1283 936 1342 et
953 1293 1027 1342 non
1041 1268 1268 1364 resipuerunt
1283 1294 1332 1341 ex
1348 1267 1467 1365 operi-

344 1385 413 1458 bus
430 1385 513 1458 suis.

401 1524 455 1573 12.
491 1499 539 1571 Et
564 1514 689 1573 sextus
715 1496 883 1596 Angelus
909 1496 1035 1570 effudit
1060 1495 1216 1593 phialam
1237 1521 1342 1570 suam
1359 1520 1469 1592 super

347 1614 496 1689 fluvium
510 1639 684 1712 magnum
701 1611 937 1709 Euphratem,
948 1627 986 1686 et
1002 1612 1180 1685 exsiccata
1193 1627 1251 1685 est
1266 1636 1362 1708 aqua
1378 1612 1467 1709 ejus,

346 1744 387 1801 ut
404 1745 588 1825 pararetur
606 1727 663 1800 via
680 1753 808 1826 regum
826 1725 874 1800 ab
890 1741 971 1799 ortu
989 1723 1084 1799 solis.

403 1866 457 1936 13.
492 1843 541 1916 Et
553 1842 626 1915 vidi
645 1867 691 1916 ex
711 1867 774 1915 ore
794 1840 983 1923 Draconis,
994 1857 1032 1914 et
1049 1866 1097 1914 ex
1111 1841 1175 1914 ore
1195 1839 1349 1923 Bestiae,
1367 1857 1405 1914 et
1421 1866 1468 1914 ex

348 1982 411 2032 ore
441 1955 797 2053 Pseudoprophetas,
816 1955 961 2052 spiritus
993 1970 1068 2028 tres
1102 1954 1310 2028 immundos
1335 1952 1468 2028 similes

347 2091 451 2139 rams.

403 2199 458 2268 14.
494 2176 589 2249 Sunt
606 2169 704 2250 enim
721 2175 866 2271 spiritus
879 2175 1102 2248 daemonum
1114 2175 1284 2249 iacientes
1301 2175 1405 2274 signa
1421 2175 1469 2248 ad

347 2290 556 2366 abeundum
577 2290 623 2364 ad
647 2315 754 2388 reges
775 2305 892 2364 terrae
919 2306 957 2362 et
984 2291 1080 2363 orbis
1100 2291 1220 2372 totius,
1241 2290 1289 2363 ad
1314 2315 1467 2387 congre-

347 2405 508 2504 gandum
531 2403 607 2478 illos
629 2405 664 2478 in
686 2403 819 2479 bellum
846 2405 918 2480 diei
939 2402 1028 2478 illius
1044 2405 1168 2503 magni
1194 2405 1267 2478 Dei
1288 2405 1467 2502 Omnipo-

332 2508 466 2594 tentis.

405 2635 458 2709 15.
477 2633 571 2709 Ecce
590 2634 698 2709 venio
714 2633 805 2713 sicut
830 2633 906 2719 sur;
932 2634 1061 2709 beatus
1077 2632 1280 2733 qui'vigilat
1296 2649 1334 2709 et
1349 2648 1470 2708 servat

350 2748 567 2822 vestimenta
592 2774 666 2831 sua,
686 2765 725 2821 ut
751 2774 824 2823 non
853 2747 972 2823 nudus
997 2748 1167 2831 ambulet,
1185 2764 1225 2823 et
1240 2749 1387 2823 videant
1403 2775 1468 2846 pu-

349 2862 475 2936 dorem
494 2864 581 2959 ejus.

405 2983 459 3051 16.
494 2978 543 3051 Et
566 2978 803 3076 congregavit
820 2976 898 3052 illos
922 2979 959 3053 in
984 2977 1104 3051 locum
1129 2974 1268 3051 dic'tum
1288 2978 1470 3053 Hebraice

350 3091 625 3190 Armageddon.

406 3226 459 3297 17.
496 3208 544 3281 Et
561 3207 737 3304 septimus
747 3207 1055 3307 Angelus-effirdit
1067 3206 1222 3305 phialam
1234 3234 1337 3283 suam
1355 3210 1391 3282 in
1409 3234 1469 3283 ae·

350 3344 438 3397 rem,
456 3334 493 3392 et
509 3319 622 3393 exivit
636 3345 708 3391 vox
723 3344 858 3417 magna
873 3345 896 3393 e
912 3319 1070 3416 Templo
1086 3318 1187 3394 Caeli
1205 3346 1227 3394 e
1243 3320 1406 3403 Throno,
1416 3321 1470 3393 di-

350 3457 445 3515 cens,
465 3430 619 3506 Fadium
638 3450 702 3507 est.

406 3553 460 3624 18.
494 3550 543 3623 Et
567 3547 684 3623 lastae
705 3566 789 3623 sunt
814 3576 924 3625 voces
949 3566 988 3624 et
1013 3549 1153 3648 fulgura
1172 3566 1212 3624 et
1227 3550 1407 3635 tonitrua;
1433 3569 1472 3626 et

350 3681 466 3741 terrae
480 3681 600 3739 motus
617 3662 732 3739 sactus
750 3681 806 3739 est
823 3691 988 3764 magnus,
1003 3665 1117 3763 qualis
1131 3691 1205 3739 non
1222 3664 1338 3740 factus
1354 3682 1412 3740 est
1423 3692 1472 3741 ex

350 3805 426 3877 quo
451 3780 617 3854 homines
643 3779 727 3853 faoi
753 3797 839 3854 sunt
864 3806 974 3877 super
992 3770 1101 3865 terra,
1115 3780 1194 3854 talis
1214 3797 1330 3855 terrae
1351 3798 1472 3855 motus

349 3894 444 3969 adeo
462 3920 624 3992 magnus

405 4034 459 4101 19.
495 4010 544 4083 Et
568 4007 663 4083 indta
684 4024 740 4083 est
765 4012 851 4084 urbs
868 4035 1002 4107 magna
1019 4011 1054 4083 in
1072 4026 1147 4084 tres
1163 4026 1295 4107 partes,
1309 4027 1347 4085 et
1363 4012 1472 4086 urbes

348 4126 512 4224 gentium
527 4125 733 4199 ceciderunt
747 4150 755 4208 ;
783 4142 821 4199 et
835 4124 998 4221 Babylon
1013 4150 1147 4225 magna
1158 4125 1260 4198 venit
1276 4126 1312 4199 in
1330 4152 1470 4199 memo-

350 4240 438 4313 riam
457 4264 577 4313 coram
598 4240 693 4321 Deo,
707 4239 794 4313 dare
812 4238 858 4312 illi
876 4238 1044 4337 poculum
1063 4241 1136 4314 vini
1151 4239 1471 4315 excandescentiae

350 4354 423 4427 irae
443 4353 568 4451 Ipsius.

403 4492 460 4541 20.
496 4468 544 4541 Et
578 4466 697 4543 omnis
731 4467 848 4542 insula
872 4468 972 4567 fugit,
999 4485 1037 4543 et
1062 4485 1206 4544 montes
1233 4494 1308 4544 non
1335 4470 1472 4544 inventi

350 4584 443 4641 sunt.

403 4707 460 4756 21.
496 4682 544 4757 Et
568 4683 710 4783 grando
728 4708 863 4783 magna
880 4686 983 4782 quasi
1001 4684 1124 4761 talenti
1141 4684 1267 4783 pondo
1284 4685 1473 4761 descendit
