3384 5400
315 683 375 765 538
636 695 884 747 avocamus
907 697 1119 748 naussum.

313 887 413 949 supra
438 864 485 949 (n.
507 867 607 947 527).'
640 865 736 929 Haec
760 867 918 930 dicuntur
940 887 1028 930 nunc
1051 867 1095 930 ad
1118 866 1195 931 illos
1216 868 1272 951 qui
1294 888 1315 932 e
1337 855 1439 932 Nova

312 960 468 1025 Ecclesia
498 963 531 1024 in
562 961 658 1024 terris
685 970 794 1035 erunt,
822 964 900 1044 quia
929 964 1071 1044 primum
1098 962 1345 1028 reformationis
1370 973 1424 1028 est

294 1057 425 1124 ,vivere
444 1056 628 1120 secundum
648 1067 830 1138 praecepta
848 1055 1023 1139 Decalogi,
1041 1057 1094 1120 ubi
1113 1066 1332 1121 recensentur
1348 1053 1438 1120 mala

312 1171 397 1232 quae
417 1170 484 1215 non
504 1151 656 1214 iacienda
675 1161 774 1228 sunt;
798 1151 853 1233 qui
872 1152 962 1214 enim
984 1150 1064 1216 iacit
1085 1151 1153 1226 illa,
1174 1150 1230 1216 ille
1248 1172 1317 1215 non
1336 1152 1436 1216 timet

313 1237 442 1322 Deum3
470 1246 525 1327 qui
551 1254 665 1307 autem
693 1263 760 1307 non
788 1245 868 1309 lacit
894 1245 963 1321 illa,
986 1246 1147 1327 fugiendo
1172 1245 1231 1309 illa
1252 1247 1330 1329 quia
1356 1256 1436 1325 sunt

312 1349 432 1402 contra
456 1339 648 1412 Dominum,
669 1337 725 1402 ille
744 1340 843 1403 timet
862 1350 897 1403 et
917 1360 1050 1423 quoque
1068 1351 1161 1404 amat
1185 1340 1380 1415 Dominum,
1400 1350 1437 1404 ut

313 1434 391 1516 Ipse
408 1434 510 1498 docet
529 1433 618 1515 apud
637 1433 828 1507 Jaleannem
849 1433 936 1517 (cap.
956 1436 1026 1498 xiv.
1045 1434 1176 1517 20-24).

372 1527 473 1606 629·
501 1526 566 1588 “fr
577 1525 649 1588 caro
663 1526 726 1607 ipsi
733 1527 877 1609 plocium,
891 1527 962 1610 quia
986 1528 1065 1590 cauit
1082 1527 1160 1589 laea
1173 1526 1287 1610 judicii
1302 1525 1438 1608 lpaiaa,''

311 1617 481 1700 significat
510 1617 710 1700 agnitcanem
740 1629 773 1682 et
800 1619 1043 1700 confesscanem,
1072 1619 1163 1702 quad
1190 1640 1282 1683 amm
1317 1618 1437 1683 Verum

320 1713 427 1788 Verbi,
446 1734 488 1775 ex
505 1735 567 1795 qua
585 1713 731 1777 Ecclesia
748 1725 799 1777 est
815 1713 973 1789 Ecclesia,
993 1713 1040 1777 sit
1053 1737 1075 1779 a
1092 1714 1243 1787 Domina,
1262 1714 1437 1778 secundum

311 1807 402 1890 quod
419 1808 525 1870 omnis
548 1807 642 1870 hante
652 1807 1019 1891 J'udicabitur.-Quod
1044 1809 1152 1873 “dare
1176 1810 1243 1892 Ipsi
1270 1807 1412 1891 gloriam
1421 1807 1437 1831 ”

312 1901 479 1984 significet
506 1922 692 1983 agnoscere
718 1914 753 1967 et
781 1903 934 1967 confiteri
958 1903 1049 1986 quod
1075 1923 1177 1966 omne
1204 1923 1320 1968 verum
1346 1905 1390 1966 sit
1415 1925 1438 1966 a

313 1998 471 2070 Domino,
491 1997 643 2061 videatur
662 2017 762 2079 supra
782 1997 829 2079 (n.
849 1997 948 2080 249);
972 2009 1007 2062 et
1026 1999 1104 2081 quia
1124 2017 1226 2061 omne
1245 2017 1371 2072 verum,
1389 2018 1436 2061 ex

312 2113 379 2174 quo
394 2091 549 2155 Ecclesia
564 2102 616 2155 est
633 2091 798 2166 Ecclesia,
816 2103 869 2157 est
885 2114 930 2156 ex
947 2091 1075 2168 Verbo,
1092 2093 1169 2156 ideo
1185 2091 1314 2155 Verum
1330 2090 1437 2164 Verbi

312 2185 531 2268 intelligitur;
557 2187 662 2268 “quia
677 2188 770 2250 venit
789 2187 873 2251 hora
887 2186 1000 2268 judicii
1020 2185 1157 2269 Ipsius,'’
1172 2185 1340 2268 significat
1358 2187 1437 2269 quia

312 2281 423 2344 omnis
439 2281 541 2343 homo
549 2279 752 2360 judicabitur
765 2283 949 2345 secundum
963 2281 1091 2345 Verum
1105 2280 1210 2345 Verbi
1223 2303 1231 2357 ;
1251 2280 1316 2344 hoc
1332 2282 1435 2362 sigui.
1482 2361 1488 2374 1

196 2369 202 2386 ’
312 2375 441 2449 ficatur,
458 2377 535 2456 quia
550 2395 609 2456 per
627 2375 736 2438 “dare
754 2375 898 2458 gloriam
918 2376 986 2458 Ipsi
994 2375 1009 2399 '⁸
1025 2374 1233 2456 significatur
1249 2395 1436 2457 agnoscere

313 2481 347 2534 et
365 2468 518 2532 confiteri
533 2469 624 2551 quod
639 2489 741 2533 omne
757 2469 887 2534 Verum
904 2469 1010 2534 Verbi
1025 2471 1069 2533 sit
1085 2490 1105 2532 a
1122 2469 1280 2543 Domino,
1294 2479 1331 2534 et
1348 2489 1436 2534 nunc

313 2565 444 2638 dicitur,
464 2561 579 2645 “Quia
598 2565 691 2627 venit
710 2562 793 2627 hora
807 2564 921 2648 judicii
941 2564 1077 2647 Ipsius,”
1092 2575 1128 2628 et
1145 2563 1277 2646 “quea'’
1292 2563 1436 2628 involvit

313 2660 377 2724 hoc
395 2668 430 2722 ut
447 2678 592 2723 causam.
638 2657 739 2740 Quod
756 2658 885 2724 Verum
898 2659 1003 2725 Verbi
1015 2659 1241 2742 judicaturum
1255 2660 1300 2724 sit
1317 2678 1433 2723 unum·

313 2754 475 2837 quemvis,
493 2753 647 2817 videatur
665 2775 764 2836 supra
785 2753 832 2836 (n.
850 2770 922 2835 233,
939 2755 1037 2836 273);
1061 2766 1096 2819 et
1112 2754 1201 2837 quod
1222 2753 1377 2818 Ecclesia
1392 2757 1435 2818 sit

313 2870 358 2913 ex
377 2848 504 2922 Verbo,
525 2858 559 2911 et
579 2850 668 2930 quod
688 2849 765 2911 talis
784 2850 839 2925 sit,
859 2848 967 2932 qualis
986 2851 1017 2913 ei
1035 2859 1088 2913 est
1107 2846 1301 2913 intellectus
1319 2848 1435 2924 Verbi,

313 2945 346 3006 in
365 2943 528 3007 Doarina
544 2942 660 3007 Navae
672 2942 923 3025 Irb'erasalymae
936 2945 977 3008 de
992 2944 1168 3024 Scriptura
1187 2942 1294 3007 Sacra
1312 2942 1359 3025 (n.
1375 2944 1438 3025 76—

313 3037 381 3119 79).
426 3037 482 3100 Ex
497 3037 547 3101 his
560 3048 667 3120 patet,
679 3040 769 3119 quod
783 3038 909 3103 Sensus
921 3039 1102 3121 spiritualis
1113 3038 1246 3102 illorum
1258 3040 1436 3110 verborum

313 3132 391 3196 talis
414 3133 468 3195 sit.
514 3130 614 3213 Quod
639 3132 716 3196 talis
739 3134 794 3209 sit,
811 3144 864 3197 est
886 3136 965 3215 quia
988 3132 1117 3215 Angeli
1139 3132 1234 3197 Caeli
1256 3154 1316 3215 per
1332 3133 1436 3216 “glo-

314 3228 396 3290 riam
405 3226 419 3249 ”
436 3246 503 3290 non
522 3226 611 3289 aliud
632 3229 830 3309 percipiunt,
847 3248 948 3311 quarn
965 3227 1124 3291 Divinum
1140 3227 1289 3305 Verum;
1309 3237 1344 3291 et
1359 3230 1437 3311 quia

313 3341 415 3385 omne
438 3320 595 3383 Divinum
615 3320 743 3385 Verum
766 3332 819 3387 est
846 3344 866 3385 a
893 3322 1051 3396 Domino,
1075 3342 1135 3404 per
1158 3323 1268 3385 “dare
1293 3322 1436 3403 gloriam

315 3414 405 3497 Ipsi’'
424 3416 612 3497 percipiunt
635 3435 821 3496 agnoscere
844 3427 880 3481 et
904 3416 1056 3480 confiteri
1075 3416 1165 3500 quod
1188 3436 1290 3479 omne
1308 3416 1436 3481 Verum

314 3513 358 3574 sit
381 3512 424 3573 ab
444 3510 541 3593 lpso;
565 3513 676 3575 omnis
698 3513 786 3575 enim
810 3512 919 3593 gloria
941 3513 975 3574 in
998 3511 1110 3575 Caelis
1133 3530 1195 3575 nec
1217 3510 1353 3574 aliunde
1370 3521 1435 3584 est,

314 3616 349 3669 et
362 3614 525 3688 quantum
539 3604 692 3669 Societas
705 3605 798 3670 Caeli
811 3608 843 3669 in
859 3606 982 3670 Divino
995 3606 1088 3669 Vero
1100 3614 1164 3680 est,
1177 3614 1312 3685 tantum
1324 3606 1438 3668 omnia

314 3698 359 3761 ibi
377 3699 569 3780 splendent,
589 3710 624 3764 et
641 3710 775 3763 tanturn
795 3700 924 3782 Angeli
947 3702 981 3764 in
999 3700 1180 3783 splendore
1200 3699 1329 3781 gloriae
1346 3710 1435 3763 sunt.

315 3791 416 3873 Quod
435 3813 494 3876 per
511 3793 681 3875 “gloriam
691 3795 705 3818 ”
722 3796 932 3878 intelligatur
948 3795 1108 3858 Divinum
1124 3794 1263 3868 Verum,
1279 3802 1436 3858 constare

314 3898 430 3971 potest
449 3909 492 3951 ex
512 3889 563 3952 his
583 3890 684 3953 locis:

366 4018 453 4067 “Vox
469 4019 610 4070 clamantis
628 4020 655 4069 in
674 4022 789 4083 deserto,
809 4030 902 4086 parate
918 4022 991 4069 vlam
1010 4020 1146 4085 Jehovae;
1166 4020 1328 4070 revelabitur
1343 4018 1438 4069 Gloria

450 4086 577 4152 Jehovae,
591 4096 618 4136 et
630 4087 759 4137 videbunt
771 4088 860 4137 omnis
871 4102 934 4137 caro
943 4086 958 4107 '⁹
969 4086 1054 4150 (Esaj.
1064 4087 1100 4136 xl.
1113 4099 1136 4147 3,
1149 4086 1190 4147 sl:

368 4156 385 4178 '⁸
395 4153 557 4207 illuminare,
569 4153 630 4215 quia
639 4153 713 4202 venit
723 4152 779 4201 Lux
787 4152 855 4210 Tua,
864 4161 891 4201 et
900 4153 992 4201 Gloria
1000 4152 1120 4217 Jehovae
1131 4166 1213 4214 super
1221 4151 1261 4202 Te
1272 4160 1367 4200 exorta
1376 4161 1436 4209 est,

446 4232 527 4293 super
538 4217 577 4266 Te
589 4218 725 4268 exorietur
735 4218 867 4283 Jehovab,
881 4228 908 4268 et
920 4218 1013 4267 Gloria
1031 4218 1118 4282 Ipsius
1136 4231 1218 4280 super
1229 4216 1269 4266 Te
1280 4216 1414 4266 videbltur
1422 4216 1437 4235 '⁹

367 4352 384 4373 ‘¹
394 4284 790 4413 Dallfs'lqiililrielllsfigiissulo,
806 4351 832 4399 in
847 4350 944 4399 Lucem
958 4348 1093 4409 Gentium,
1105 4358 1132 4399 et
1144 4348 1264 4399 Gloriam
1278 4346 1368 4397 Meam
1380 4362 1436 4396 non

446 4416 522 4465 alteri
533 4416 603 4464 dabo
611 4414 627 4434 ”
639 4414 723 4479 (Esaj.
735 4416 789 4465 xlii.
801 4416 825 4474 6,
838 4416 863 4477 8)
874 4430 880 4474 ;

368 4484 385 4505 ‘⁶
395 4480 703 4611 PropEtezjbffizpir'opffilr)
711 4480 757 4603 llic
768 4480 874 4538 iaciam,
888 4490 915 4531 et
932 4479 1052 4530 Gloriam
1072 4479 1162 4529 Meam
1181 4494 1237 4529 non
1253 4478 1331 4528 alteri
1342 4477 1436 4529 dabo'’

367 4612 538 4661 “Timebunt
554 4614 589 4661 ab
606 4621 666 4661 ortu
683 4612 748 4661 solis
766 4611 887 4661 Gloriam
910 4611 1015 4675 Ipsius,
1043 4611 1134 4661 veniet
1150 4610 1227 4660 Zioni
1249 4606 1429 4673 Redemptor'

445 4678 529 4743 (Esaj.
541 4678 585 4727 lix.
600 4689 638 4741 19,
650 4680 708 4741 20);
