3384 5400
562 697 564 704 “
641 712 897 764 nnocntvusrs.

427 1487 429 1492 ,
490 1417 769 1514 CAPUT
827 1419 1037 1514 XVII.

200 1879 365 2157 ET
381 1879 482 1954 venit
495 1904 589 1952 unus
607 1903 653 1953 ex
671 1893 814 1976 septem
829 1877 985 1977 Angelis
1001 1877 1221 1953 habentibus
1238 1905 1321 1977 sep·

354 2015 430 2074 tem
457 1998 609 2097 phialas,
634 2015 672 2073 et
697 1998 838 2072 locutus
866 2025 949 2072 cum
978 2025 1049 2083 me,
1073 1999 1199 2074 dicens
1223 2001 1322 2083 mihi,

356 2124 464 2210 Veni,
476 2123 669 2198 ostendam
683 2124 748 2198 tibi
756 2123 933 2224 judicium
948 2123 1151 2198 Meretricis
1163 2147 1322 2222 magnae
1340 2131 1343 2137 '

199 2245 366 2320 sedentis
384 2270 496 2342 super
511 2245 616 2342 aquis
634 2243 773 2328 multis;
873 2260 876 2267 “

254 2391 286 2439 2.
322 2365 417 2440 Cum
435 2390 509 2462 qua
527 2364 674 2438 scortati
692 2380 778 2438 sunt
800 2364 929 2463 Reges
946 2380 1079 2450 terrae,
1098 2381 1136 2439 et
1154 2365 1320 2439 inebriati

199 2502 287 2560 sunt
304 2512 353 2560 ex
371 2486 460 2560 vino
476 2486 709 2560 scortationis
727 2487 805 2584 ejus
824 2485 1072 2560 inhabitantes
1089 2503 1236 2560 terram.

252 2629 286 2700 3.
321 2605 370 2678 Et
399 2605 529 2679 detulit
558 2631 619 2680 me
650 2605 686 2678 in
718 2606 907 2680 desertum
938 2605 975 2680 in
1006 2605 1145 2704 spiritu,
1176 2621 1216 2678 et
1245 2605 1320 2680 vidi

200 2726 398 2811 Mulierem
419 2727 614 2801 sedentem
637 2728 750 2825 super
772 2727 896 2801 Bestia
915 2727 1098 2811 coccinea,
1120 2727 1232 2824 plena
1252 2753 1318 2802 no-

198 2845 359 2921 minibus
382 2846 645 2945 blasphemiae,
670 2846 831 2922 habente
855 2846 977 2945 capita
999 2865 1155 2945 septem,
1177 2864 1216 2921 et
1238 2873 1318 2922 cor·

199 2990 274 3039 nua
292 2965 433 3040 decem.

249 3110 284 3179 4.
320 3087 369 3161 Et
385 3088 520 3162 Mulier
533 3087 798 3163 circuminduta
811 3113 974 3185 purpura
986 3104 1025 3161 et
1038 3089 1197 3172 coccino,
1212 3106 1250 3164 et
1264 3090 1317 3162 in-

197 3222 328 3282 aurata
352 3233 443 3282 auro
469 3224 509 3282 et
533 3207 654 3306 lapide
681 3210 844 3306 pretioso
871 3225 909 3283 et
936 3208 1152 3306 margaritis,
1176 3208 1319 3283 habens

196 3352 352 3403 aureum
375 3330 547 3426 poculum
566 3318 605 3402 in
627 3354 739 3404 manu
760 3354 838 3413 sua,
863 3327 1013 3426 plenum
1034 3329 1317 3404 abominationi-

196 3448 267 3522 bus
285 3463 325 3522 et
342 3448 570 3524 immunditie
588 3449 820 3523 scortationis
838 3450 928 3547 ejus.

250 3570 283 3642 5.
319 3568 367 3643 Et
380 3594 492 3666 super
505 3569 624 3643 fronte
639 3569 717 3666 ejus
732 3594 869 3643 nomen
883 3570 1070 3667 scriptum,
1086 3569 1317 3667 Mysterium,

198 3688 365 3787 Babylon
395 3714 541 3787 magna,
570 3704 689 3762 mater
715 3689 980 3763 scortationum
1008 3705 1046 3762 et
1072 3690 1316 3765 abominatio-

198 3834 286 3882 num
305 3823 437 3883 terrae.

248 3933 282 4002 6.
318 3928 366 4001 Et
386 3928 461 4002 vidi
487 3926 683 4002 Mulierem
705 3927 922 4003 inebriatam
944 3954 992 4003 ex
1009 3928 1192 4026 sanguine
1210 3956 1315 4005 sanc·

196 4062 330 4132 torum,
348 4064 453 4123 etex
474 4048 656 4146 sanguine
673 4048 822 4121 testium
838 4048 938 4145 jesu,
956 4064 995 4121 et
1011 4046 1213 4125 admiratus
1233 4076 1315 4124 sum

197 4167 330 4242 videns
348 4165 455 4249 illam,
473 4164 716 4239 admiratione
735 4190 882 4264 magna
899 4173 903 4182 '

248 4306 281 4378 7.
318 4284 366 4360 Et
379 4285 470 4360 dixit
484 4284 571 4359 mihi
586 4285 767 4383 Angelus,
782 4286 907 4381 Quare
920 4285 1135 4360 admiraris?
1162 4312 1236 4386 ego
1251 4288 1315 4362 tibi

197 4407 317 4482 dicam
338 4407 554 4505 mysterium
576 4406 753 4490 Mulieris,
775 4422 814 4480 et
837 4404 984 4481 Bestiae
1005 4408 1185 4503 portantis
1207 4406 1315 4493 illam,

196 4525 367 4601 habentis
384 4542 529 4624 septem
546 4526 668 4624 capita
685 4543 723 4600 et
740 4526 871 4601 decem
888 4552 1038 4601 cornua.
1167 4514 1173 4525 ’

246 4646 280 4719 8.
318 4644 451 4730 Bestia,
476 4670 587 4743 quam
610 4646 744 4731 vidisti,
768 4660 849 4721 erat
874 4662 913 4721 et
938 4670 1012 4721 non
1040 4662 1107 4731 est,
1132 4661 1170 4721 et
1196 4647 1315 4722 sutura
