3384 5400
335 658 397 724 662
419 626 425 644 ’Δ
656 671 903 722 Arocnutnsts
926 671 1137 722 navatam.

386 839 460 892 Facti
478 849 540 892 sunt
557 841 749 892 habitatatores
768 841 875 892 Babelis
889 841 983 891 “sieut
994 841 1101 904 stipula,
1121 841 1193 904 ignia
1209 841 1313 892 adussit
1327 857 1385 899 eoa.
1399 857 1455 894 non

467 909 582 970 eripiunt
593 908 711 956 animam
730 923 806 956 suam
824 923 839 956 e
856 922 939 958 manu
956 907 1097 957 flammae:
1127 908 1195 956 tales
1213 918 1277 956 aunt
1295 907 1457 959 Mercatores

467 975 505 1023 tui
517 989 534 1022 a
545 973 683 1037 juventute
692 973 706 992 ''
718 973 800 1036 (xlvii.
816 985 853 1033 14,
867 973 916 1035 ις).

336 1127 398 1191 Per
423 1127 614 1191 “mercari”
637 1137 672 1191 et
698 1126 917 1209 “negotiari'’
938 1127 972 1190 in
991 1125 1109 1190 Verbo
1132 1125 1341 1207 significatur
1362 1147 1455 1192 com·

336 1242 455 1304 parare
478 1223 539 1285 sibi
562 1242 645 1304 opes
668 1221 869 1304 spirituales,
889 1241 975 1304 quae
994 1230 1073 1283 sunt
1091 1221 1309 1302 cognitiones
1331 1223 1399 1285 veri
1419 1231 1456 1288 et

334 1315 425 1390 boni,
446 1317 534 1380 etin
553 1317 712 1399 opposito
731 1335 832 1378 sensu
851 1315 1067 1396 cognitiones
1086 1313 1160 1378 salsi
1178 1324 1214 1377 et
1233 1314 1323 1391 mali,
1343 1325 1380 1379 et
1398 1337 1456 1398 per

335 1411 397 1474 has
414 1409 533 1474 lucrari
549 1411 721 1483 mundum,
735 1419 771 1472 et
787 1429 845 1492 per
858 1407 934 1471 illas
949 1407 1070 1472 lucrari
1086 1406 1247 1486 Caelum;
1266 1429 1368 1492 quare
1385 1409 1456 1474 Do·

335 1507 445 1569 minus
464 1505 673 1588 comparavit

384 1653 508 1716 Regnum
532 1651 666 1702 caelorum
685 1651 852 1713 Negotiatori
869 1649 1009 1714 quaerenti
1028 1649 1152 1713 pulchrae
1169 1649 1328 1712 margaritas
1345 1649 1454 1712 (March.

384 1783 417 1834 Et
428 1716 696 1833 nosslllieffluiglisiae
707 1782 801 1840 servis,
815 1781 912 1846 quibua
920 1781 984 1830 data
995 1789 1059 1830 aunt
1068 1780 1178 1839 talenta,
1193 1795 1253 1830 cum
1266 1780 1361 1844 quibus
1373 1795 1456 1844 nego·

465 1849 593 1898 tierentur
605 1858 632 1896 et
644 1848 807 1896 lucrarentur
819 1847 927 1908 (March.
938 1861 1000 1896 xxv.
1015 1845 1120 1907 14-20):

384 1913 419 1964 Et
431 1915 525 1978 quibus
537 1914 615 1962 datae
632 1922 695 1962 aunt
712 1913 803 1962 decem
817 1911 919 1970 Minae,
932 1926 993 1960 cum
1010 1912 1106 1974 quibus
1123 1911 1247 1961 similiter
1256 1913 1456 1974 negotiarentur

465 1991 492 2028 et
504 1980 668 2042 lucrarentur
679 1977 751 2040 (Luc.
763 1979 817 2028 xix.
832 1977 929 2040 12-26).

334 2135 381 2200 Et
400 2136 477 2219 quia
495 2155 555 2217 per
572 2133 728 2216 “Tyrum
737 2133 751 2157 ”
768 2131 976 2215 significatur
989 2131 1146 2196 Ecclesia
1158 2132 1269 2215 quoad
1285 2133 1454 2214 cognitio·

334 2251 394 2294 nes
413 2231 482 2292 veri
505 2239 540 2292 et
559 2228 650 2302 boni,
670 2228 747 2292 ideo
765 2228 878 2308 agitur
896 2226 939 2290 de
957 2227 1193 2308 negotiatione
1212 2236 1247 2289 et
1267 2225 1455 2290 lucratione

334 2324 404 2404 ejus
424 2324 460 2386 'in
483 2334 561 2387 toto
582 2323 694 2404 capite
713 2321 830 2395 xxvii„
851 2321 939 2403 apud
957 2318 1185 2394 Ezechielem
1214 2329 1250 2384 et
1272 2320 1393 2384 dicitur
1410 2321 1456 2385 de

333 2419 402 2494 illa,

385 2569 402 2591 ‘¹
411 2567 443 2616 ln
456 2566 588 2629 sapientia
599 2575 646 2615 tua
658 2572 685 2614 et
703 2565 730 2614 in
747 2562 927 2626 intelligentia
937 2571 984 2612 tua
994 2563 1096 2612 ieceras
1108 2563 1156 2612 tibi
1167 2577 1262 2613 aurum
1274 2573 1301 2612 et
1311 2569 1455 2625 argentumn

465 2633 492 2680 in
505 2633 637 2681 thesauris
646 2632 707 2689 tuis,
719 2641 745 2679 et
757 2645 805 2693 per
814 2629 1011 2680 multitudinem
1021 2629 1168 2759 sapientiae
1178 2628 1206 2677 in
1217 2628 1399 2691 negotiatione
1408 2636 1457 2677 tua

465 2697 646 2761 multiplicasti
658 2697 705 2747 tibi
717 2712 783 2759 opes
794 2696 896 2760 (Erech.
911 2695 1002 2745 xxviii.
1015 2691 1051 2761 [4,
1080 2695 1121 2759 5);

334 2832 370 2888 et
388 2822 485 2887 alibi:

386 2955 559 3005 “Devastata
582 2962 623 3004 est
641 2954 737 3018 Tyrus,
761 2954 836 3017 cujus
858 2953 1022 3004 Mercatores
1045 2953 1190 3017 principes,
1214 2962 1242 3003 et
1265 2952 1457 3016 negotiatore·

465 3022 588 3071 honorati
602 3031 687 3071 terrae
695 3020 709 3074 '.'
721 3020 805 3085 (Esaj.
817 3021 890 3071 xxiii.
904 3032 926 3079 1,
937 3020 972 3082 8).

335 3175 382 3239 Et
396 3174 552 3238 Ecclesia
564 3193 721 3256 perversa
733 3174 821 3256 apud
832 3172 981 3254 Judaeos
992 3172 1025 3235 in
1039 3182 1129 3236 terra
1141 3170 1301 3236 Canaane
1313 3179 1457 3235 vocatur

396 3338 494 3387 ‘Terra
507 3336 726 3399 Negotiationis”
738 3335 838 3397 (Erech.
854 3336 906 3385 xvi.
920 3348 943 3396 3,
958 3346 1006 3399 29;
1023 3350 1081 3398 cap.
1095 3336 1149 3387 xxi.
1164 3347 1194 3396 35
1209 3332 1255 3401 [B.
1266 3336 1301 3385 A.
1315 3330 1376 3399 3o];
1393 3348 1453 3398 cap.

464 3404 535 3453 xxix.
550 3399 630 3468 14[11[;
653 3412 709 3452 tum
723 3416 827 3465 quoque
839 3415 897 3464 oap.
909 3401 973 3451 xvii.
984 3415 1016 3461 4;
1034 3416 1092 3463 cap.
1105 3402 1195 3451 xxviii.
1209 3398 1272 3465 18]).
1378 3406 1382 3411 '

394 3576 497 3657 76⁰.
523 3586 610 3653 [νινε.
622 3586 662 3652 4.]
689 3573 754 3635 ’Ἢ
773 3572 875 3635 audiri
892 3571 983 3634 ulium
1006 3590 1107 3634 rocem
1132 3591 1151 3635 ο
1171 3572 1273 3645 croto,
1294 3571 1456 3646 dicentem,

335 3664 420 3727 Exite
435 3682 476 3727 οι
487 3662 551 3733 illu,
558 3661 662 3742 populi
672 3663 738 3735 lei,
748 3681 787 3725 no
797 3661 965 3743 participor
979 3661 1061 3725 iotis
1070 3667 1270 3742 menmium
1284 3662 1457 3744 ajunctas

334 3752 491 3834 recipiatis
510 3771 553 3815 ex
569 3751 670 3833 plupia
685 3752 789 3834 ejua,¹'
804 3751 971 3833 significat
994 3773 1017 3814 α
1030 3751 1175 3814 Domino
1188 3752 1456 3815 exhortationem

335 3846 385 3909 ad
395 3864 514 3920 omnes,
529 3854 599 3906 tam
613 3844 674 3924 qui
685 3844 719 3906 in
735 3843 792 3906 illo
803 3843 971 3923 Religioso
983 3854 1071 3919 sunt,
1084 3864 1184 3925 quam
1199 3843 1305 3925 quiin
1320 3843 1377 3907 illo
1391 3864 1456 3907 non

334 3949 423 4015 sunt,
443 3948 480 4001 ut
496 3947 634 4001 caveant
651 3937 719 4000 sibi
738 3960 759 4001 a
776 3937 995 4020 continuone
1010 3958 1082 4000 cum
1100 3937 1157 3999 illo
1174 3948 1240 4020 per
1256 3938 1456 4019 agnitionem

334 4044 367 4097 et
383 4032 596 4116 affectionem,
617 4052 656 4093 ne
672 4032 785 4113 quoad
798 4031 930 4095 animas
948 4032 1189 4113 confingantur
1203 4032 1454 4095 abominationi·

335 4129 395 4193 bus
422 4130 501 4211 ejus,
524 4137 557 4190 et
577 4127 832 4208 pereant-Per
858 4127 987 4189 “aliam
1009 4146 1129 4190 vocem
1156 4148 1175 4189 e
1199 4126 1313 4201 Caelo,
1338 4127 1454 4191 dicen·

334 4222 436 4298 tem‚”
453 4221 660 4303 significatur
678 4242 698 4283 a
718 4220 867 4283 Domino
882 4220 1079 4284 exhortatio
1097 4220 1140 4283 ad
1160 4240 1289 4296 omnes,
1310 4230 1381 4284 tam
1398 4221 1455 4305 qui

334 4321 368 4382 in
379 4318 437 4382 illo
449 4317 625 4399 Religioso
635 4325 723 4389 sunt,
736 4334 836 4398 quam
848 4316 903 4397 qui
914 4316 946 4377 in
957 4314 1016 4377 illo
1026 4334 1095 4377 non
1106 4324 1196 4389 sunt,
1207 4317 1284 4397 quia
1294 4316 1451 4398 sequitur,

337 4412 471 4476 “Exite
484 4433 528 4474 ex
541 4409 609 4485 illa,
622 4407 735 4492 populi
749 4408 918 4485 Mei,”hoc
929 4418 993 4484 est,
1002 4428 1122 4473 omnes
1132 4411 1187 4492 qui
1197 4410 1324 4474 adeunt
1335 4410 1454 4473 Domi·

335 4525 415 4568 num
428 4526 435 4581 ;
459 4504 548 4587 quod
562 4504 740 4567 aDomino
751 4504 794 4565 sit
807 4501 864 4565 illa
875 4502 1082 4577 exhortatio,
1094 4512 1148 4566 est
1158 4504 1235 4585 quia
1244 4524 1314 4567 vox
1324 4504 1382 4566 illa
1392 4503 1454 4568 suit

337 4604 384 4661 “e
397 4598 503 4663 Caelo
514 4598 540 4676 ;”
555 4618 615 4680 per
629 4602 700 4660 “ne
713 4596 894 4679 participes
906 4595 994 4659 fiatis
1007 4607 1225 4678 peccatorum
1238 4596 1337 4679 ejus,’'
1349 4599 1454 4680 signi·
