3384 5400
293 650 365 734 526·
614 666 860 718 nrocnnursrs
883 667 1094 720 nnvnnnrn.

1168 745 1183 772 1

288 847 399 899 tarum
428 837 534 900 ubivis
563 836 764 920 intelligitur
792 857 853 920 per
882 844 902 872 “
913 839 1048 902 Patrem
1059 840 1074 865 ”
1103 859 1179 903 cum
1208 861 1228 903 a
1262 840 1409 905 Domino

289 931 492 1004 nominatur,
523 951 561 994 ac
596 931 755 996 Divinum
788 931 917 996 Verum
952 933 1094 998 Divinae
1126 933 1319 1017 Sapientiae
1351 956 1410 1018 per

290 1025 441 1088 “Filium
453 1025 479 1104 ;’'
502 1047 587 1108 quae
603 1027 671 1089 duo
689 1029 783 1090 unita
802 1038 880 1091 sunt
899 1029 985 1091 sicut
1004 1030 1119 1091 anima
1133 1031 1265 1111 corpori
1283 1039 1319 1092 et
1335 1049 1409 1092 cor·

288 1139 350 1202 pus
368 1122 510 1194 animae,
530 1122 666 1202 quando
686 1121 851 1184 Dominus
872 1121 1069 1185 Humanum
1085 1121 1188 1186 Suum
1209 1123 1409 1204 glorificavit

290 1211 458 1296 (videatur
474 1233 505 1276 n.
522 1231 572 1290 21,
593 1215 665 1298 170)
680 1235 687 1278 :
711 1225 746 1279 et
762 1217 840 1299 quia
855 1235 957 1279 unum
974 1227 1063 1292 sunt,
1080 1216 1157 1280 ideo
1173 1217 1294 1280 dicitur
1309 1218 1398 1294 alibi,

447 1384 465 1408 “
473 1381 579 1432 Nomen
593 1382 643 1432 Dei
655 1391 681 1432 et
693 1383 765 1446 Agnl
777 1385 804 1432 in
816 1383 950 1433 frontibus
962 1384 1018 1433 suls
1027 1383 1042 1404 '¹
1053 1382 1121 1446 (cap.
1135 1384 1198 1434 xxii.
1209 1384 1244 1446 4).

288 1542 341 1606 De
358 1541 410 1605 his
432 1541 556 1623 itaque,
577 1539 757 1636 dequibus
779 1539 832 1603 hic
852 1541 973 1622 agitur,
993 1541 1117 1603 dicitur
1134 1540 1224 1624 quod
1246 1541 1408 1606 “Nomen

287 1635 396 1699 Patris
416 1633 580 1697 haberent
607 1635 768 1714 scriptum
792 1635 825 1696 in
847 1634 1043 1709 frontibus,”
1061 1636 1137 1718 quia
1160 1656 1219 1718 per
1242 1640 1408 1700 “centum

286 1729 511 1814 quadraginta
529 1739 672 1812 quatuor
689 1727 793 1792 millia
808 1729 963 1811 signatos
987 1751 1031 1792 ex
1055 1731 1234 1794 duodecim
1257 1732 1408 1795 tribubus

288 1822 421 1888 Israelis
429 1823 444 1848 ’'
454 1823 689 1904 intelliguntur
702 1822 830 1906 Angeli
843 1825 1050 1905 superiorum
1064 1823 1253 1899 Caelorum‚
1267 1825 1322 1907 qui
1334 1845 1408 1889 om·

287 1939 348 1983 nes
363 1919 396 1980 in
414 1917 510 1981 Bono
526 1919 648 1980 amoris
664 1917 821 1981 caelestis
837 1927 927 1993 sunt,
946 1928 981 1981 et
1000 1938 1059 2000 per
1076 1917 1268 1993 “Patrem”
1284 1929 1320 1982 ut
1337 1921 1407 1983 dic·

288 2024 360 2076 tum
384 2022 446 2086 est,
471 2011 503 2075 id
532 2011 662 2074 Bonum
690 2012 900 2094 intelligitur.
946 2011 1047 2093 Quod
1073 2013 1197 2094 angeli,
1222 2013 1264 2076 de
1288 2015 1407 2097 quibus

286 2107 340 2170 hic
363 2108 485 2188 agitur,
509 2107 577 2168 sint
600 2103 729 2187 Angeli
752 2105 961 2188 superiorum
985 2104 1174 2182 Caelorum‚
1197 2107 1351 2171 videatur
1374 2111 1406 2171 in

286 2201 528 2284 Explicatione
554 2201 674 2282 capitis
700 2201 845 2282 septimi,
869 2201 903 2262 in
929 2201 1041 2281 specie
1067 2220 1099 2263 n.
1123 2196 1209 2281 3693ss
1232 2202 1286 2265 ibi.
1345 2202 1407 2266 Per

288 2297 477 2378 “scriptum
504 2296 537 2357 in
563 2294 750 2358 frontibus”
773 2293 980 2376 significatur
1001 2296 1132 2376 agnitio
1159 2315 1204 2358 ex
1230 2315 1344 2359 amore
1371 2307 1406 2360 et
1505 2317 1513 2332 ·

286 2389 351 2452 fide
374 2391 407 2452 in
425 2389 510 2466 illis;
534 2409 593 2470 per
613 2389 825 2470 “scriptum''
844 2409 904 2452 seu
924 2390 1149 2470 “inscriptum
1158 2387 1174 2414 ''
1199 2388 1406 2469 significatur

287 2483 416 2565 agnitio
431 2485 464 2545 in
487 2482 563 2558 illis,
583 2493 618 2546 et
641 2503 700 2564 per
721 2483 894 2546 “frontem
903 2482 918 2507 '’
933 2482 1140 2564 significatur
1158 2501 1252 2545 amor
1270 2493 1305 2546 et
1328 2483 1406 2547 inde

285 2577 512 2659 intelligentia
534 2598 593 2640 seu
615 2575 698 2640 fides
723 2576 769 2660 (n.
790 2593 861 2657 347,
880 2576 969 2659 605).
1015 2575 1114 2658 Quod
1139 2576 1296 2639 Divinum
1316 2579 1405 2660 quod

286 2672 385 2736 Pater
397 2682 548 2746 vocatur,
560 2691 598 2735 ac
613 2671 771 2735 Divinum
785 2672 981 2735 Humanum
995 2670 1084 2756 quod
1098 2669 1212 2747 Filius,
1223 2673 1290 2735 sint
1304 2692 1405 2737 unum

285 2766 372 2830 sicut
384 2767 496 2830 anima
508 2776 542 2829 et
556 2786 687 2849 corpus,
701 2777 736 2830 et
749 2777 997 2848 consequenter
1010 2766 1099 2849 quod
1117 2766 1281 2830 Dominus
1294 2768 1405 2849 quoad

286 2860 445 2923 Divinum
463 2860 658 2924 Humanum
674 2861 849 2924 adeundus
864 2862 919 2936 sit,
936 2871 972 2924 et
992 2860 1081 2943 quod
1105 2863 1153 2924 ita
1168 2872 1203 2924 et
1223 2880 1291 2923 non
1307 2860 1406 2925 aliter
1444 2855 1447 2860 ’

285 2956 425 3019 adeatur
450 2954 608 3018 Divinum
630 2957 720 3037 quod
746 2956 844 3019 Pater
865 2965 1016 3028 vocatur,
1037 2965 1193 3018 constare
1218 2965 1333 3037 potest
1359 2976 1404 3018 ex

285 3060 357 3113 tant
376 3046 491 3113 multis
514 3049 595 3112 locis
614 3052 647 3111 in
664 3048 791 3123 Verbo,
809 3059 845 3113 ut
865 3050 1044 3131 implerent
1065 3050 1276 3113 membranas
1295 3051 1322 3111 si
1345 3049 1404 3111 ad·

285 3146 506 3221 ducerentur;
530 3146 563 3206 in
582 3142 693 3225 aliqua
712 3145 809 3225 copia
829 3140 977 3206 addudia
1001 3153 1079 3206 sunt
1098 3144 1131 3206 in
1149 3142 1312 3205 Dolin'na
1333 3142 1404 3205 No-

284 3260 346 3302 vae
369 3237 618 3319 Hierosolymae
643 3238 683 3299 de
706 3237 846 3299 Domino
875 3236 921 3319 (n.
946 3238 1059 3318 29-36,
1086 3239 1199 3318 38-45,
1227 3237 1329 3320 seq.);
1359 3258 1405 3301 ex

284 3354 351 3417 qua
376 3332 429 3396 hic
456 3332 566 3396 solum
593 3331 704 3414 aliqua
730 3334 762 3395 in
790 3332 1082 3395 confirmationem
1105 3330 1295 3408 afferentur,
1319 3352 1405 3415 quae

286 3438 386 3492 sunt:

335 3576 435 3626 “Dixit
452 3576 573 3638 Angelus
592 3573 703 3635 Mariae,
725 3574 791 3623 Ecce
809 3575 942 3637 concipies
961 3574 988 3623 in
1006 3583 1091 3633 utero,
1105 3582 1131 3622 et
1149 3574 1236 3636 paries
1255 3574 1360 3633 Filium,
1375 3581 1403 3623 et

414 3643 522 3691 vocabis
536 3640 641 3690 Nomen
656 3640 720 3703 Ejus
732 3641 833 3705 Jesum.
872 3640 923 3689 Hic
935 3642 986 3689 erit
997 3654 1119 3702 magnus,
1134 3649 1161 3687 et
1174 3638 1256 3688 Filius
1269 3639 1402 3689 Altissiml

414 3707 559 3756 vocabitur.
589 3706 640 3755 Sed
655 3704 741 3755 Maria
750 3706 824 3764 dixit,
835 3705 977 3768 Quomodo
988 3706 1032 3753 fiet
1044 3707 1102 3763 hoc,
1114 3704 1240 3767 quoniam
1251 3705 1338 3753 virum
1349 3719 1404 3753 non

414 3786 556 3835 cognosco.
593 3771 741 3833 Respondit
760 3772 890 3833 Angelus,
904 3771 1017 3833 Spiritus
1035 3768 1149 3819 Sanctus
1161 3770 1251 3819 veniet
1269 3778 1402 3832 superte,

414 3848 442 3886 et
450 3838 541 3887 Virtus
553 3837 685 3887 Altissimi
698 3837 869 3885 obumbrabit
880 3846 923 3895 te;
941 3837 1011 3885 unde
1024 3837 1095 3899 quod
1107 3845 1231 3884 nascetur
1240 3850 1274 3883 ex
1286 3845 1311 3884 te
1324 3836 1405 3885 Sanc·

413 3912 480 3962 tum,
494 3903 632 3951 vocabitur
646 3902 727 3951 Filius
742 3902 791 3951 Dei
800 3901 813 3921 ''
826 3902 898 3961 (Luc.
910 3902 927 3950 i.
939 3898 1074 3963 30-351¹l);

335 3967 482 4031 “Angelus
498 3967 607 4017 Domini
625 3968 651 4016 in
664 3968 772 4017 somnio
784 3968 908 4029 apparuit
919 3966 1046 4031 Josepho,
1060 3966 1161 4023 dicens,
1176 3964 1217 4014 Ne
1229 3966 1325 4014 timeas
1336 3966 1407 4015 acci-

414 4049 477 4097 pere
496 4033 609 4082 Mariam
628 4034 760 4095 Sponsam
779 4042 861 4091 tuam,
876 4047 938 4081 nam
953 4032 1024 4095 quod
1041 4032 1069 4080 in
1087 4046 1120 4080 ea
1138 4041 1239 4088 natum,
1253 4046 1287 4080 ex
1304 4031 1403 4093 Spiritu

413 4097 513 4149 Sandio
522 4109 578 4158 est;
601 4108 628 4148 et
636 4097 737 4162 Joseph
748 4113 802 4147 non
812 4099 939 4159 cognovit
948 4112 1016 4156 earn,
1027 4097 1184 4160 usquedum
1194 4096 1296 4158 peperit
1307 4094 1402 4144 Filium

413 4180 490 4214 suum
504 4165 711 4227 primogenitum
720 4162 734 4183 '’
746 4164 853 4221 (March.
866 4163 882 4212 i.
894 4174 934 4222 20,
946 4161 1004 4224 25);
1155 4169 1160 4177 '
1327 4168 1331 4175 “

334 4228 392 4280 “In
410 4230 541 4293 principio
558 4239 615 4279 erat
626 4230 753 4287 Verbum,
768 4238 794 4278 et
806 4229 924 4277 Verbum
942 4235 999 4277 erat
1016 4227 1087 4290 apud
1106 4226 1201 4283 Deum,
1216 4235 1243 4275 et
1261 4226 1334 4275 Deus
1346 4235 1403 4275 erat

414 4296 540 4355 Verbum,
554 4305 581 4344 et
593 4295 710 4344 Verbum
729 4294 800 4343 Caro
817 4292 918 4343 tatium
936 4303 985 4349 est,
1000 4303 1027 4342 et
1038 4293 1153 4341 vidimus
1170 4292 1284 4353 gloriam
1304 4290 1400 4354 Ipsius,

414 4362 482 4410 sicut
494 4361 607 4423 gloriam
622 4360 760 4423 Unigeniti
773 4375 789 4407 a
803 4358 881 4408 Patre
889 4358 904 4378 ’'
916 4358 990 4423 (Joh.
1003 4359 1020 4408 i.
1033 4370 1055 4416 1,
1068 4370 1090 4416 a,
1105 4355 1160 4418 14);

332 4425 427 4491 judaei
440 4428 603 4489 quaerebant
617 4424 709 4489 Jesum
727 4424 884 4482 interficere,
901 4424 996 4487 “quod
1015 4424 1122 4471 Patrem
1141 4422 1278 4483 proprium
1291 4422 1403 4471 dixisset

415 4491 510 4550 Deum,
523 4506 614 4554 parem
627 4491 660 4539 Se
674 4490 765 4552 Ipsum
778 4490 879 4538 iaciens
892 4489 967 4549 Deo;
987 4489 1125 4551 respondit
1134 4486 1221 4550 Jesus,
1235 4486 1310 4549 Quae
1325 4486 1404 4536 Pater

413 4556 484 4615 iacit,
499 4557 564 4605 haee
582 4557 661 4605 etiam
680 4556 803 4605 similiter
815 4556 879 4603 iacit
897 4554 996 4609 Filius:
1014 4553 1239 4616 quemadmodum
1252 4550 1330 4600 Pater
1341 4568 1399 4601 sus·

414 4623 477 4671 citat
488 4632 608 4671 mortuos
618 4630 647 4671 'et
658 4620 783 4681 vivificat,
796 4620 833 4669 ita
844 4621 925 4670 etiam
938 4618 1020 4668 Filius
1030 4632 1097 4682 quos
1106 4617 1164 4667 vult
1173 4618 1304 4669 viviticat:
1322 4632 1401 4669 amen
