3384 5400
577 683 658 736 CAP.
677 674 1016 736 stunt—Emmaus.
1297 685 1358 751 707

242 849 393 907 Ecclesiae
406 860 436 907 et
448 867 538 922 super
549 850 681 915 Caelum,
696 850 737 906 ita
749 851 952 922 superomnia
971 850 1079 907 Divina
1092 849 1222 912 Domini,
1236 850 1275 905 sit
1288 850 1358 905 Dia-

241 922 336 977 bolus.
373 922 460 976 Nunc
472 922 543 993 quia
555 923 720 976 dominium
735 922 807 976 illud
822 933 855 976 ut
869 922 935 977 finis
948 922 1059 977 insedit
1070 921 1177 976 animis
1190 938 1293 975 eorum
1307 923 1357 991 qui

242 991 308 1047 Reli
332 993 427 1047 ’osum
437 993 508 1046 illud
517 994 723 1054 condiderunt,
733 1009 792 1046 non
805 1003 966 1063 potuerunt
976 992 1062 1047 aliter
1070 1008 1159 1063 quam
1169 992 1357 1075 prophanare

239 1079 292 1117 san
355 1062 445 1117 Verbi
457 1072 489 1117 et
504 1062 659 1117 Ecclesiae„
696 1062 838 1133 Suppone
851 1063 931 1133 quod
946 1062 1042 1117 Amor
1055 1063 1111 1123 ille,
1126 1077 1176 1131 qur
1190 1073 1236 1116 est
1248 1062 1357 1116 Diabo-

240 1132 296 1194 lus,
310 1132 438 1188 insideat
449 1133 574 1203 alicujus
587 1133 680 1187 menti
695 1133 826 1195 interius,
839 1143 874 1186 ut
891 1133 962 1187 lacit
973 1132 1071 1187 omnis
1083 1148 1168 1187 amor
1179 1148 1313 1203 regnans.
1328 1145 1357 1186 ct

239 1219 319 1272 pone
331 1203 451 1327 aliquod
472 1202 614 1259 Divinum
627 1220 730 1257 verum
750 1204 879 1258 exterius
896 1214 965 1258 ante
982 1204 1085 1258 oculos
1098 1204 1171 1273 ejus,
1185 1218 1285 1258 annon
1298 1204 1357 1257 dis-

239 1283 342 1343 cerpet
361 1274 442 1334 ilud,
461 1274 598 1344 projiciet
620 1274 649 1328 in
668 1285 785 1336 terram,
805 1284 836 1327 et
876 1274 1038 1328 roculcabit
1057 1274 1137 1335 illud,
1157 1284 1187 1327 et
1206 1274 1274 1327 loco
1292 1274 1357 1343 ejus

237 1353 369 1398 arcessat
384 1342 488 1398 falsum
502 1360 603 1412 secum
615 1344 808 1399 concordans.
875 1360 941 1399 mor
953 1344 1124 1414 possidendi
1138 1344 1239 1398 omnia
1252 1344 1355 1397 mundi
1422 1374 1424 1379 ,

238 1424 286 1469 est
299 1412 438 1476 Satanas;
456 1430 490 1469 ac
507 1414 650 1469 Diabolus
663 1425 693 1468 et
707 1413 830 1469 Satanas
844 1430 936 1468 unum
950 1422 1050 1485 agunt,
1064 1415 1140 1468 sicut
1154 1414 1273 1469 loedere
1286 1430 1355 1467 con-

236 1482 342 1555 juntii,
353 1485 431 1554 apud
445 1485 520 1539 tales
532 1486 583 1555 qui
596 1486 633 1539 ab
646 1501 708 1539 uno
720 1500 821 1538 amore
835 1486 865 1537 in
878 1485 972 1539 altero
985 1494 1062 1538 sunt.
1101 1484 1144 1537 Ex
1159 1484 1204 1538 his
1217 1484 1356 1538 concludi

237 1566 348 1625 potest.
373 1556 453 1638 unde
478 1566 524 1611 est
548 1556 630 1626 quod
655 1572 708 1625 per
732 1564 748 1583 ‘⁴
759 1554 941 1626 Babylonem
952 1555 966 1575 ''
992 1555 1022 1609 in
1048 1542 1148 1609 Veibo
1173 1554 1356 1625 significetur

236 1625 503 1767 propitrffiqqqplo
514 1694 569 1750 sit:
588 1694 722 1750 Ponatur
733 1704 803 1750 ante
817 1695 899 1749 illum
914 1695 1065 1757 Amorem,
1079 1694 1129 1764 qui
1143 1705 1189 1749 est
1202 1693 1354 1755 Diabolus,

236 1765 296 1820 hoc
310 1763 452 1820 Divinum
465 1782 578 1826 verum,
591 1766 672 1849 quod
688 1765 776 1820 Solus
790 1765 871 1821 Deus
884 1766 1026 1820 colendus
1038 1776 1069 1819 et
1081 1764 1251 1819 adorandus
1264 1766 1310 1827 sit,
1324 1777 1355 1820 et

236 1852 299 1890 non
312 1835 419 1905 aliquis
432 1836 533 1898 homo,
542 1847 573 1891 et
585 1852 629 1891 src
638 1838 719 1906 quod
731 1836 896 1891 Vicariatus
909 1836 948 1891 sit
962 1836 1114 1889 inventum
1128 1846 1159 1889 et
1170 1834 1354 1907 figmentum,

235 1906 320 1975 quod
339 1906 533 1975 rejiciendum
546 1917 607 1961 est:
625 1906 762 1961 similiter
773 1906 832 1960 hoc
843 1922 955 1967 verum,
969 1907 1049 1976 quod
1067 1906 1203 1960 invocare
1218 1906 1355 1961 homines

236 1987 382 2038 mortuos,
396 1977 592 2047 procumbere
603 1978 640 2032 ad
655 1977 799 2047 imagines
811 1977 938 2038 illorum,
948 1977 1073 2032 osculari
1089 1976 1152 2031 illas
1164 1986 1196 2030 et
1208 1992 1277 2031 ossa
1289 1976 1354 2031 illo·

233 2062 311 2109 rum,
321 2046 360 2101 sit
370 2062 442 2116 pure
452 2057 483 2102 et
496 2046 584 2102 foede
596 2047 822 2108 idololatricum,
833 2046 1014 2118 quodetiam
1026 2047 1235 2117 rejiciendum:
1253 2063 1353 2102 annon

234 2117 333 2171 Amor
346 2116 403 2178 ille,
412 2117 463 2187 qui
476 2128 523 2172 est
537 2117 687 2179 Diabolus,
698 2118 771 2172 haec
784 2119 845 2171 duo
858 2134 927 2172 vera
938 2118 966 2171 in
977 2118 1167 2173 vehementia
1181 2118 1239 2172 irae
1252 2118 1354 2189 rejice·

234 2198 291 2248 ret,
304 2186 475 2242 fulminaret
486 2198 591 2242 contra
603 2188 660 2249 illa.
673 2198 704 2243 et
716 2188 890 2243 dilaceraret
904 2188 960 2242 illa.

290 2256 321 2311 Si
334 2269 434 2312 autem
448 2259 515 2327 quis
527 2258 565 2312 ad
580 2259 661 2311 illurn
672 2258 824 2321 Amorem,
835 2258 885 2328 qui
896 2268 942 2313 est
956 2256 1108 2319 Diabolus,
1120 2255 1252 2312 difiums
1265 2268 1352 2321 esset,

232 2328 317 2399 quod
329 2328 443 2398 aperire
454 2338 487 2382 et
498 2329 634 2384 claudere
647 2328 779 2391 Caelum,
792 2345 845 2384 seu
858 2329 973 2384 solvere
984 2339 1016 2383 et
1034 2328 1132 2399 ligare,
1147 2329 1187 2382 ita
1200 2329 1351 2385 remittere

233 2409 364 2469 peccata,
374 2398 456 2469 quod
470 2399 548 2453 idern
559 2409 605 2454 est
617 2416 685 2454 cum
700 2398 860 2453 reformare
872 2408 903 2453 et
917 2414 1096 2469 regenerare,
1107 2409 1138 2453 et
1150 2399 1193 2453 sic
1206 2398 1351 2455 redimere

232 2479 265 2523 et
278 2469 391 2523 salvare
404 2469 566 2531 hominem,
578 2470 618 2523 sit
637 2485 709 2539 pure
723 2468 880 2532 Divinum;
899 2478 929 2524 et
942 2470 1022 2539 quod
1043 2469 1135 2537 homq
1153 2470 1264 2539 absque
1283 2486 1351 2539 pro-

233 2538 417 2609 phanatione
425 2555 485 2594 non
493 2540 549 2595 sibi
557 2540 679 2610 aliquod
690 2539 831 2594 Divinum
843 2540 937 2610 possit
945 2540 1103 2601 vindicare,
1112 2548 1142 2593 et
1151 2540 1232 2609 quod
1243 2538 1350 2597 Petrus

232 2625 290 2664 nec
307 2610 363 2664 sibi
382 2609 585 2672 vindicaverit,
604 2626 694 2680 quare
714 2627 768 2664 nec
786 2610 898 2680 aliquid
917 2610 976 2665 tale
995 2620 1181 2665 exercuerat:
1200 2621 1351 2679 praeterea

254 2680 316 2735 uod
329 2680 478 2736 successio
488 2680 528 2736 sit
540 2682 694 2736 inventum
707 2681 745 2736 ab
756 2680 868 2736 Amore
882 2681 947 2744 illo:
966 2690 1000 2735 ut
1012 2690 1043 2736 et
1055 2680 1210 2736 translatio
1223 2679 1351 2751 Spiritus

296 2749 336 2806 eti
349 2752 387 2806 ab
400 2751 522 2806 bomine
535 2751 565 2805 in
579 2752 746 2815 hominem3
765 2752 812 2806 his
821 2752 940 2814 auditis,
950 2768 1049 2806 annon
1064 2751 1160 2806 Amor
1173 2751 1230 2814 ille,
1262 2752 1291 2805 ui
1305 2765 1351 2808 est

234 2821 388 2883 Diabolus,
401 2822 580 2876 obtunderet
598 2822 771 2892 loquentem
790 2822 1038 2883 anathematibus,
1057 2832 1087 2878 et
1107 2822 1137 2875 in
1157 2823 1224 2892 igne
1241 2768 1350 2878 luroris

232 2891 389 2947 mandaret
401 2902 435 2946 ut
447 2893 613 2947 traderetur
624 2893 801 2962 inquisitori,
814 2902 846 2947 et
858 2892 1058 2963 conjiceretur
1071 2893 1100 2946 in
1113 2893 1349 2947 damnatorum¹¹¹

231 2978 390 3017 carcerem.
427 2961 459 3016 Si
477 2962 577 3017 adhuc
589 2963 656 3032 quis
669 2961 801 3017 ditlurus
814 2962 861 3024 sit,
905 2963 1037 3018 uomodo
1050 2971 1150 3033 potest
1170 2961 1279 3016 Divina
1297 2979 1349 3032 po-

231 3043 327 3088 testas
340 3031 462 3086 Domini
476 3033 506 3087 in
518 3050 573 3088 vos
585 3032 751 3088 transferri:
769 3049 860 3103 quom
904 3049 923 3087 o
940 3043 1040 3103 potest
1060 3033 1208 3088 Divinitas
1228 3031 1348 3088 Domini

230 3119 265 3158 se
354 3103 363 3156 i
375 3103 414 3156 ab
427 3101 523 3173 Ipsius
536 3103 648 3158 Anima
659 3113 690 3158 et
703 3102 850 3174 Corpore:
868 3119 968 3158 annon
981 3113 1027 3158 est
1044 3105 1206 3158 secundum
1220 3116 1347 3158 vestram

231 3119 416 3256 firfear'naquod
429 3189 489 3227 non
503 3174 611 3244 possit:
650 3173 786 3256 uomodq
796 3183 896 3244 potest
910 3173 991 3228 Deus
1006 3173 1094 3228 Pater
1105 3173 1243 3228 Divinam
1258 3173 1347 3228 Suarn

231 3251 400 3314 potentiam
421 3243 529 3298 inierre
549 3243 579 3298 in
602 3189 709 3298 Filium
732 3243 787 3298 nin
810 3245 840 3297 in
864 3242 1058 3299 Divinitatem
1084 3243 1186 3314 ipsius,
1206 3260 1283 3314 quae
1303 3255 1348 3299 est

232 3315 469 3383 receptaculum:
486 3315 640 3384 quomodo
658 3324 758 3384 potest
777 3314 835 3368 hoc
853 3313 1007 3369 transcribi
1028 3315 1056 3367 in
1077 3314 1237 3374 hominem,
1256 3325 1291 3367 ut
1309 3315 1348 3368 sit

231 3385 314 3440 e'us:
338 3394 455 3454 praeter
472 3384 580 3438 similia
598 3384 697 3454 plura:
722 3384 768 3438 his
786 3383 905 3446 auditis,
924 3399 1023 3438 annon
1044 3384 1139 3438 Amor
1158 3385 1214 3445 ille,
1233 3385 1283 3455 qui
1303 3398 1348 3439 est

231 3403 386 3517 [liabolus
395 3465 514 3517 taceret,
523 3452 604 3509 intus
611 3454 848 3516 excandesceret,
857 3453 1006 3510 frenderet
1014 3455 1112 3515 dente,
1121 3465 1152 3509 et
1161 3455 1347 3516 exclamaret,

231 3533 247 3555 ¹·
256 3524 350 3587 Educ,
363 3524 508 3596 crucifige,
522 3523 669 3596 crucifige,
681 3535 796 3588 exeant,
810 3534 917 3580 exeant
935 3539 1048 3588 omnes,
1067 3525 1189 3580 videant
1207 3539 1346 3596 magnum

231 3593 426 3659 haereticum,
437 3603 470 3651 et
480 3592 633 3650 oblectent
644 3594 704 3652 κί’
