3384 5400
369 674 430 753 842
690 684 938 735 apostatans
960 684 1171 734 navatam.

366 854 511 933 salttum
534 853 626 917 bona
643 853 771 936 absque
789 854 877 917 veris
896 872 964 917 non
983 862 1062 918 sunt
1081 853 1183 926 bona.
1202 862 1239 918 et
1261 874 1342 919 veta
1359 854 1489 939 absque

366 948 465 1013 bonis
488 969 556 1012 non
579 959 659 1012 sunt
688 968 769 1011 vera
790 948 881 1032 apud
911 949 1095 1025 hominem,
1119 950 1259 1013 tametsi
1287 952 1321 1013 in
1352 971 1389 1014 se
1419 952 1489 1015 sint

365 1064 465 1122 vera;
488 1044 616 1107 bonum
634 1044 725 1106 enim
744 1044 872 1126 absque
890 1063 971 1106 vero
991 1052 1044 1106 est
1068 1044 1155 1107 sicut
1174 1043 1403 1109 voluntarium
1425 1046 1489 1109 ho-

366 1139 465 1201 minis
494 1136 622 1220 absque
651 1135 838 1211 intellet'tm
867 1138 957 1220 quod
983 1136 1211 1201 voluntarium
1241 1158 1310 1201 non
1340 1148 1394 1205 est
1425 1140 1490 1203 hu·

367 1251 515 1306 manum,
544 1231 605 1295 sed
634 1240 688 1294 est
718 1233 805 1295 sicut
836 1231 977 1306 bestiae,
1004 1230 1059 1295 vel
1089 1232 1176 1295 sicut
1203 1231 1369 1315 sculptilis
1395 1236 1490 1317 quod

365 1326 489 1390 artifex
507 1326 588 1389 iacit
606 1327 756 1407 operari;
779 1335 817 1389 at
834 1325 1063 1389 voluntarium
1083 1346 1244 1390 unacum
1262 1325 1491 1393 intellessiuali

365 1419 404 1485 fit
420 1421 603 1485 humanum
616 1420 801 1483 secundum
814 1430 943 1485 statum
956 1418 1150 1484 intelleims
1162 1441 1333 1504 perquem
1345 1424 1470 1488 existit
1482 1446 1489 1487 :

365 1534 445 1577 nam
464 1524 576 1578 status
594 1516 685 1578 vitae
703 1513 848 1595 cujusvis
866 1514 1011 1577 hominis
1034 1514 1114 1578 talis
1131 1525 1196 1590 est,
1216 1515 1307 1598 quod
1325 1516 1490 1583 voluntas

364 1608 436 1690 ejus
454 1630 524 1673 non
542 1610 649 1692 possit
667 1609 792 1692 aliquid
814 1609 924 1672 facere
943 1610 1005 1673 nisi
1028 1630 1087 1692 per
1108 1608 1331 1685 inteileiium,
1352 1630 1414 1675 nec
1435 1614 1488 1677 in·

365 1701 525 1767 teiietius
539 1703 664 1786 aliquid
680 1704 833 1784 cogitare
849 1704 912 1767 nisi
927 1724 972 1767 ex
988 1704 1166 1768 voluntate
1179 1726 1186 1781 ;
1210 1704 1318 1769 simile
1333 1715 1388 1770 est
1407 1726 1487 1770 cum

365 1798 458 1861 bono
475 1807 511 1862 et
529 1817 621 1870 vero,
640 1798 798 1879 quoniam
818 1798 944 1860 bonum
963 1806 1017 1860 est
1035 1797 1223 1861 voluntatis
1241 1808 1277 1863 et
1295 1819 1412 1863 verum
1431 1811 1488 1865 est

364 1889 569 1956 intelletius.
620 1890 677 1954 Ex
707 1892 759 1955 his
785 1900 892 1974 patet,
924 1891 1014 1974 quod
1045 1891 1171 1954 bonum
1197 1892 1287 1975 quod
1318 1892 1487 1958 Dominus

365 1986 521 2067 producit
538 1986 629 2069 apud
647 1986 820 2049 hominem
839 1987 883 2049 sit
901 1986 1087 2049 secundum
1105 1994 1234 2049 statum
1253 1988 1332 2063 veri,
1353 2008 1398 2051 ex
1417 2009 1486 2071 quo

365 2090 419 2144 est
448 2078 653 2155 intelletius,
685 2080 774 2162 apud
805 2079 910 2143 illum.
957 2078 1058 2161 Quod
1091 2080 1154 2143 hoc
1186 2080 1394 2163 significetur
1426 2103 1486 2165 per

364 2174 455 2257 quod
474 2173 589 2238 Arbor
606 2176 697 2237 vitae
718 2172 841 2254 “juxta
861 2192 1013 2237 mensem
1032 2175 1183 2255 quemvis
1202 2174 1323 2240 reddat
1341 2173 1483 2239 frutium

365 2268 491 2343 suum‚”
506 2278 559 2332 est
575 2269 652 2351 quia
668 2287 727 2349 ρετ
744 2272 925 2330 “mensem
933 2266 947 2291 ”
960 2266 1167 2349 significatur
1182 2277 1293 2331 status
1309 2270 1378 2333 veri
1393 2272 1484 2352 apud

364 2363 547 2427 hominem.
593 2361 695 2443 Quod
724 2381 784 2443 per
812 2362 927 2424 omnia
954 2370 1119 2443 tempora,
1143 2381 1230 2445 quae
1259 2373 1338 2426 sunt
1368 2362 1481 2439 horae.

365 2458 447 2533 dies,
467 2457 689 2539 septimanae,
710 2475 854 2529 menses,
878 2456 968 2531 anni,
992 2455 1138 2531 saecula,
1158 2456 1390 2537 significentur
1412 2469 1482 2522 sta-

364 2562 421 2615 tus
438 2552 529 2615 vitae
552 2551 706 2613 videatur
725 2570 756 2612 n.
774 2549 848 2629 476,
872 2549 950 2630 562;
982 2550 1073 2633 quod
1096 2571 1154 2632 per
1174 2552 1360 2615 “menses’'
1378 2552 1482 2634 signi-

364 2645 507 2711 ficentur
529 2654 640 2709 status
662 2645 753 2710 vitae
775 2644 887 2728 quoad
911 2665 1001 2720 vera,
1025 2654 1079 2708 est
1108 2646 1185 2728 quia
1215 2665 1274 2728 per
1298 2648 1482 2711 “menses''

364 2738 602 2821 intelliguntur
620 2748 776 2821 tempora
799 2739 980 2821 designata
1003 2759 1061 2821 per
1084 2738 1227 2814 Lunam,
1248 2749 1284 2803 et
1307 2761 1365 2823 per
1386 2741 1481 2806 “Lu-

364 2833 467 2897 nam’'
488 2832 697 2915 significatur
718 2853 836 2897 verum
859 2830 1053 2897 inteliet'tus
1079 2842 1115 2896 et
1140 2831 1217 2896 fidei
1246 2831 1293 2914 (n.
1317 2850 1388 2914 332,
1406 2851 1480 2916 413,

362 2944 437 3008 414,
456 2926 546 3012 919).
591 2925 719 2991 Similia
736 2926 973 3009 intelliguntur
992 2947 1051 3009 ρετ
1071 2927 1256 2990 “menses''
1273 2929 1308 2990 in
1327 2927 1397 2991 his:

416 3079 434 3101 ⁰⁴
443 3073 590 3127 Beneditia
603 3090 621 3124 a
637 3074 758 3140 Jehovah
770 3084 842 3124 terra
853 3073 963 3139 Josephi
980 3074 1014 3124 de
1032 3075 1155 3138 pretiosis
1173 3085 1350 3139 proventuum
1362 3076 1442 3136 Solis.
1456 3089 1483 3128 et

494 3142 529 3191 de
540 3142 665 3204 pretiosis
677 3137 799 3203 produtii
812 3139 947 3189 Mensium
955 3139 970 3160 ”
982 3139 1085 3196 (Deutr.
1097 3141 1187 3191 xxxiii.
1201 3137 1268 3206 [13,]
1280 3141 1336 3204 14);

415 3211 433 3232 ⁸⁴
443 3206 542 3258 Fietde
553 3206 648 3256 Mense
660 3206 688 3254 in
702 3205 834 3262 Mensem,
845 3216 872 3254 et
884 3206 917 3254 de
926 3205 1060 3255 Sabbatho
1074 3207 1100 3255 in
1111 3207 1283 3265 Sabbathum‚
1295 3207 1384 3258 veniet
1392 3209 1481 3257 omnis

494 3287 556 3322 earo
568 3272 602 3322 ed
614 3271 806 3321 incurvandam
818 3285 848 3321 se
860 3285 950 3319 coram
961 3269 1083 3336 Jehovah
1091 3271 1105 3290 '¹
1116 3271 1200 3336 (Esaj.
1212 3272 1276 3323 lxvi.
1287 3269 1363 3336 233¹).

364 3413 507 3496 Propter
524 3410 807 3494 significationem
828 3409 1012 3486 “mensis”
1029 3431 1116 3494 quae
1134 3421 1187 3476 est
1206 3410 1334 3488 Lunae,
1354 3411 1482 3478 fiebant

413 3561 546 3610 Sacrificia
554 3561 582 3609 in
592 3561 728 3624 principiis
733 3559 852 3623 cujusvis
861 3559 964 3610 Mensis
973 3574 1021 3610 seu
1031 3559 1167 3611 Noviiunii
1175 3559 1269 3624 (Num.
1276 3561 1348 3612 xxix.
1357 3562 1374 3610 6
1383 3575 1390 3622 ;
1407 3563 1480 3628 Esaj.

413 3691 448 3742 Et
455 3629 632 3755 quoqaffiunc
639 3691 771 3741 canebant
778 3690 898 3739 buccinis
907 3689 1001 3753 (Num.
1009 3705 1036 3740 x.
1046 3703 1095 3748 to;
1111 3691 1212 3741 Psalm.
1223 3691 1304 3741 imi.
1313 3704 1330 3751 4
1338 3688 1385 3756 [Β.
1393 3694 1429 3743 Α.
1438 3689 1465 3757 ³]
1476 3707 1482 3749 ;

412 3757 447 3808 Et
458 3757 613 3806 mandatum
623 3767 665 3805 est
675 3766 705 3805 ut
716 3759 892 3805 observarent
905 3754 1029 3805 Mensem
1038 3755 1118 3816 Abin,
1130 3771 1182 3820 quo
1194 3757 1364 3806 celebrabant
1378 3757 1482 3808 Pascha

493 3821 587 3882 (Exad.
598 3821 643 3871 xii.
655 3833 670 3870 2
680 3836 686 3871 :
704 3821 796 3872 Deutr.
808 3821 862 3871 xvi.
875 3821 907 3883 r).

362 3963 426 4026 Per
439 3965 459 3993 ‘⁴
468 3979 604 4022 menses
613 3958 628 3982 ”
641 3957 874 4039 significantur
888 3967 1000 4022 status
1015 3959 1095 4033 veri,
1108 3967 1144 4022 et
1160 3958 1193 4022 in
1209 3960 1369 4043 opposito
1380 3981 1482 4026 sensu

362 4065 474 4120 status
491 4054 566 4117 falsi
584 4053 673 4136 apud
692 4054 876 4128 hominem,
896 4055 1000 4117 etiam
1023 4073 1123 4136 supra

511 4195 554 4260 (in
567 4195 717 4261 Apataiypsi
726 4209 784 4258 oap.
796 4195 831 4245 ix.
844 4207 867 4256 5,
881 4209 919 4255 το,
933 4207 961 4256 15
972 4210 978 4254 ;
996 4209 1052 4259 cap.
1065 4196 1099 4246 xi.
1112 4209 1144 4255 ας
1161 4211 1219 4260 cap.
1231 4197 1286 4248 xiii.
1298 4197 1331 4260 ς).

362 4339 479 4404 Simile
501 4339 593 4423 quod
618 4338 684 4415 hic,
708 4358 769 4421 per
792 4337 996 4402 “mensem’'
1018 4337 1227 4420 significatur
1247 4343 1337 4425 apud
1360 4341 1479 4408 Eaeclt.

360 4435 526 4608 xlv¹⁹t³1⁶2;
554 4523 620 4586 ‘tr
638 4523 712 4587 {alia
733 4522 854 4586 artant
874 4523 904 4584 ia
923 4522 1103 4587 medisinam
1121 4525 1292 4606 pontium,''
1310 4529 1478 4610 significat

360 4638 442 4682 vera
456 4617 640 4682 rationalia
653 4617 739 4694 inde,
750 4626 819 4699 per
832 4638 917 4699 quae
932 4616 988 4681 illi
998 4617 1059 4700 qui
1072 4619 1108 4681 in
1124 4619 1222 4683 malas
1235 4630 1269 4683 et
1285 4619 1362 4684 inde
1370 4622 1478 4703 salsis
