3384 5400
379 652 445 739 690
703 664 951 718 arocnuvusrs
974 640 1184 716 navatam.

382 841 478 917 tuali,
497 842 617 925 quibus
639 838 877 924 praeficiuntur
899 835 1066 911 honorati,
1085 836 1141 919 qui
1164 834 1317 903 similiter
1334 838 1492 905 vixerunt.

382 937 510 1001 Datum
530 948 583 1001 est
602 937 716 999 videre
734 934 824 1017 quod
848 934 951 996 etiam
970 932 1105 1014 quidam
1124 932 1179 1014 qui
1201 931 1334 999 fuerunt
1354 934 1493 1018 Impera·

380 1042 484 1106 tores,
505 1031 631 1113 Reges,
652 1030 776 1103 Duces,
795 1037 831 1090 et
851 1027 1034 1107 Principes,
1053 1026 1109 1109 qui
1132 1026 1267 1109 quidem
1289 1042 1494 1111 agnoverunt

380 1126 579 1191 Pontificem
611 1145 672 1208 pro
695 1123 861 1205 Supremo
884 1120 1070 1195 Ecclesiae,
1094 1121 1154 1184 sed
1185 1140 1253 1185 non
1283 1144 1345 1206 pro
1366 1124 1494 1189 Vicario

380 1221 530 1296 Domini,
551 1231 586 1285 et
610 1239 743 1304 quoque
761 1226 975 1299 agnoverunt
995 1215 1106 1298 aliqua
1123 1237 1168 1280 ex
1189 1215 1294 1285 Bullis
1314 1218 1494 1303 Papalibus,

361 1316 442 1381 “sed
471 1327 587 1380 tamen
610 1312 766 1387 sandlum
788 1313 980 1376 habuerunt
1003 1310 1165 1385 Verbum,
1188 1332 1228 1375 ac
1248 1311 1338 1393 juste
1359 1326 1495 1397 egerunt

379 1412 414 1476 in
436 1411 730 1475 administratione
754 1428 824 1481 sua,
851 1402 948 1487 [sint]
973 1400 1158 1486 praelectis*
1181 1408 1401 1474 societatibus
1426 1409 1494 1474 illis.

380 1506 573 1570 Videantur
588 1505 631 1569 de
649 1505 700 1567 his
718 1502 831 1584 aliqua
849 1502 881 1563 in
903 1498 1154 1563 contemtione
1169 1500 1211 1563 de
1232 1501 1355 1567 Ultimo
1369 1504 1496 1579 Judicia

380 1610 413 1665 et
426 1600 467 1665 de
479 1600 607 1664 Mundo
622 1595 808 1679 Spirituali
822 1594 870 1676 (n.
890 1594 928 1675 58
943 1604 978 1657 et
994 1592 1062 1677 60),
1079 1593 1123 1657 ab
1138 1598 1349 1679 experientia
1364 1598 1476 1663 relata.

434 1703 529 1786 787.
553 1702 607 1764 ’ἰ
618 1700 779 1783 laayinqao
789 1697 982 1769 steterunt,”
996 1706 1085 1773 [Vm.
1101 1706 1152 1775 18.]
1166 1702 1228 1760 “ot
1239 1699 1450 1763 clamaverunt
1461 1701 1496 1763 η’.

382 1793 491 1855 dentee
506 1792 620 1855 fumum
634 1787 849 1854 combustionis
863 1786 941 1868 ojus,
953 1786 1104 1859 dieentes,
1118 1786 1202 1857 Oeae
1215 1788 1322 1853 similis
1336 1790 1407 1853 urbi
1415 1790 1496 1863 ΜΨ

280 1898 283 1903 ·
382 1881 553 1963 significat
574 1882 612 1944 in
633 1890 728 1943 statu
742 1887 865 1941 remoto
886 1876 1010 1939 ludium
1031 1897 1145 1940 eorum
1167 1887 1269 1959 super
1289 1879 1497 1943 damnatione

380 1972 481 2037 istius
502 1972 676 2055 Relikiasi,
700 1970 790 2054 quad
810 1968 1020 2032 credederunt
1041 1968 1283 2050 supereminens
1308 1980 1396 2052 prae
1415 1970 1511 2037 omni'

381 2067 539 2149 religione
558 2068 594 2131 in
616 2065 854 2131 munda—Per
877 2070 924 2127 “e
954 2063 1139 2144 longinquo
1162 2074 1330 2129 steterunt
1338 2066 1354 2092 ”
1376 2064 1496 2149 signifi·

381 2172 478 2226 catur
501 2163 581 2225 dum
604 2161 714 2225 adhuc
737 2161 771 2223 in
794 2168 888 2223 statu
910 2167 1044 2221 remoto
1066 2166 1145 2222 sunt
1171 2178 1191 2221 a
1213 2158 1443 2239 damnatione,
1464 2172 1498 2225 et

382 2276 488 2339 usque
509 2257 543 2320 in
566 2256 688 2319 timore
710 2274 771 2337 pro
794 2252 912 2335 poenis
937 2250 983 2334 (n.
1003 2251 1075 2333 769,
1095 2250 1195 2334 783);
1219 2272 1278 2335 per
1301 2255 1498 2320 “clamave-

381 2360 461 2413 runt
471 2349 487 2376 ''
499 2349 708 2431 significatur
719 2345 828 2411 ludius
840 2366 955 2411 eorum
968 2367 976 2424 ;
999 2366 1059 2428 per
1072 2352 1090 2378 “
1100 2345 1225 2411 fumum
1237 2349 1478 2414 combustionis
1484 2351 1499 2376 ‘’

380 2443 588 2526 significatur
607 2443 784 2508 damnatio
802 2450 941 2524 propter
956 2440 1241 2505 adulterationem
1260 2452 1295 2506 et
1314 2445 1499 2527 prophana-

380 2540 509 2603 tionem
533 2538 639 2601 Verbi
664 2536 711 2619 (n.
734 2536 806 2617 766,
830 2534 931 2618 767);
961 2556 1019 2618 per
1043 2536 1235 2611 “dicentes,
1260 2536 1356 2618 Quae
1386 2541 1499 2605 similis

381 2635 453 2697 urbi
482 2632 561 2697 isti'·
587 2631 915 2716 significatur-quod
946 2631 1149 2694 crediderint
1180 2630 1390 2715 Religiosum
1420 2634 1498 2701 illud

379 2748 461 2811 prae
491 2729 584 2792 omni
607 2727 787 2810 Religione
816 2728 851 2791 in
881 2727 1007 2790 mundo
1034 2728 1284 2809 supereminens
1314 2749 1409 2809 esse;
1444 2752 1501 2814 per

381 2823 527 2887 “urbem
551 2843 712 2904 magnam
741 2821 859 2886 illam”
882 2821 1090 2904 significatur
1111 2820 1320 2903 Religiosum
1347 2823 1442 2902 illud,
1466 2837 1500 2890 ut

380 2937 481 3000 supra
499 2917 642 2999 saepius.
687 2915 788 2998 Quod
805 2918 946 2980 credant
965 2914 1175 2997 Religiosum
1194 2916 1276 2981 illud
1294 2938 1369 2982 esse
1385 2940 1499 3004 super·

380 3013 535 3075 eminens
553 3031 634 3095 prae
651 3011 743 3075 omni
763 3009 954 3092 Religione,
973 3020 1010 3073 et
1029 3010 1118 3093 quod
1137 3011 1181 3074 sit
1204 3009 1359 3077 Ecclesia
1377 3013 1500 3088 Mater,

382 3105 517 3188 Regina
534 3116 569 3171 et
594 3106 752 3181 Domina,
772 3115 890 3168 notum
910 3115 983 3182 est;
1015 3114 1087 3168 tum
1105 3105 1207 3188 quod,
1227 3115 1263 3170 ut
1281 3108 1330 3171 ita
1348 3108 1500 3184 credant,

380 3201 542 3265 continue
565 3200 758 3264 infundatur
780 3220 801 3263 a
823 3200 994 3264 canonicis
1017 3209 1052 3264 et
1076 3199 1262 3277 monachis,
1285 3211 1321 3264 et
1347 3204 1439 3285 quod
1469 3205 1501 3268 hi

380 3295 413 3358 id
432 3295 558 3358 iaciant
577 3315 622 3357 ex
641 3295 721 3376 igne
739 3294 937 3357 dominandi
956 3303 992 3357 et
1011 3293 1171 3368 lucrandi,
1188 3295 1291 3358 etiam
1311 3305 1429 3360 notum
1448 3308 1500 3361 est

379 3389 445 3452 illis
461 3391 516 3471 qui
534 3390 728 3453 attendunt.
772 3387 823 3452 At
836 3408 940 3471 usque
956 3407 1024 3452 non
1040 3398 1182 3470 possunt
1198 3400 1337 3473 propter
1348 3400 1499 3473 potesta·

381 3494 452 3546 tem
484 3484 725 3547 dominationis
755 3503 871 3547 eorum
904 3483 1061 3547 recedere
1092 3484 1136 3547 ab
1165 3485 1320 3548 omnibus
1349 3487 1500 3549 externis

380 3575 471 3658 ejus;
494 3577 554 3641 sed
570 3597 675 3660 usque
691 3588 834 3660 possunt
851 3578 1011 3643 recedere
1028 3579 1073 3642 ab
1090 3579 1230 3642 internis
1245 3577 1326 3659 ejus,
1342 3581 1499 3662 quoniam

379 3671 550 3736 voluntati
569 3683 604 3735 et
627 3671 813 3737 intelledtui
835 3674 992 3747 hominis,
1012 3683 1048 3736 et
1070 3673 1147 3736 inde
1166 3671 1333 3738 aliedtioni
1351 3685 1387 3738 et
1410 3675 1501 3758 cogi·

381 3765 503 3830 tationi
522 3765 602 3847 ejus,
622 3764 739 3830 relidta
757 3777 810 3831 est
828 3777 864 3832 et
884 3767 1080 3850 relinquitur
1098 3769 1207 3832 omnis
1226 3767 1373 3833 libertas.

442 3866 542 3948 788.
566 3878 653 3946 [Vm.
668 3879 718 3947 19·]
743 3876 762 3906 ⁸
771 3869 810 3932 fe
826 3869 978 3931 miserunt
991 3870 1148 3950 pulverem
1162 3887 1257 3950 rupee
1270 3869 1371 3950 capita
1385 3889 1458 3944 rua,
1472 3876 1503 3934 et

383 3955 596 4020 clamaverunt
613 3958 723 4022 denter
749 3966 784 4023 ot
807 3960 961 4042 luparios,
983 3960 1132 4030 dieentes,
1162 3958 1232 4030 Vae,
1256 3978 1321 4032 ruo,
1349 3960 1424 4024 urbe
1450 3963 1501 4025 illa

327 4100 331 4106 .
382 4048 534 4128 mayna,''
554 4047 725 4130 significat
746 4049 891 4114 dolorem
910 4059 944 4112 et
968 4048 1091 4112 lullum
1110 4069 1222 4112 eorum
1244 4049 1449 4128 e'nteriorem,
1470 4060 1501 4114 et

382 4138 587 4215 exterebrem,
603 4140 665 4222 qui
674 4151 726 4204 est
739 4141 939 4217 lamentatio,
953 4142 1044 4223 quad
1057 4152 1126 4205 tam
1140 4141 1284 4205 eminens
1298 4141 1501 4224 Religiasum

376 4241 522 4314 prorsus
544 4233 747 4300 destrutium
775 4246 808 4300 et
834 4237 1032 4300 damnatum
1053 4233 1216 4301 sit-Per
1240 4238 1407 4302 “mittere
1431 4238 1500 4322 pul·

380 4346 495 4391 verem
519 4347 618 4411 super
640 4330 777 4412 capita”
800 4329 1010 4412 significatur
1033 4331 1171 4396 interior
1200 4331 1297 4395 dolor
1327 4343 1362 4396 et
1392 4331 1500 4397 ludius

381 4431 520 4503 propter
541 4421 807 4489 destruitionem
829 4435 866 4489 et
888 4424 1155 4500 damnationem,
1179 4426 1223 4489 de
1244 4446 1311 4509 qua
1333 4428 1499 4510 sequitur;

381 4535 441 4597 per
457 4516 634 4583 “clamare
649 4517 770 4583 flentes
788 4529 824 4582 et
842 4519 1000 4602 lugentes
1008 4519 1022 4544 '¹
1039 4518 1246 4602 significatur
1261 4520 1358 4584 dolor
1376 4531 1411 4586 et
1431 4520 1499 4584 luc·

382 4617 437 4671 tus
455 4612 624 4691 exteri0r3
647 4633 707 4696 per
726 4612 857 4677 “llere'’
875 4613 1082 4696 significatur
1100 4610 1209 4680 ludius
1227 4615 1369 4692 animae,
1389 4625 1425 4680 et
1442 4633 1499 4698 per
