3384 5400
512 780 590 829 cna.
607 778 842 840 xvu1,vans.
860 779 988 829 22.-u.
1006 782 1076 849 793.
1285 764 1349 849 ,695

233 947 345 1012 tiones
361 945 547 1025 caelestes;
569 969 639 1011 vox
652 968 711 1011 seu
726 967 829 1011 sonus
841 947 1138 1011 “citharaedorum
1155 957 1189 1012 et
1206 950 1351 1012 musico·

232 1042 331 1106 rum”
346 1043 388 1105 ad
404 1040 597 1106 affectiones
613 1042 812 1125 spirituales,
824 1050 861 1105 et
875 1062 944 1105 vox
960 1062 1018 1105 seu
1034 1062 1135 1105 sonus
1150 1048 1168 1076 ‘¹
1178 1043 1351 1106 tibicinum

233 1147 269 1201 et
279 1136 549 1201 buccinatorum”
557 1137 601 1199 ad
611 1133 805 1200 affectiones
813 1135 997 1199 caelestes:
1015 1138 1239 1201 instrumenta
1248 1139 1349 1211 enim,

232 1249 374 1313 quorum
390 1231 463 1294 soni
479 1231 715 1305 discretisunt,
727 1240 763 1293 ut
779 1228 978 1305 chordacea,
991 1232 1034 1295 ad
1047 1231 1190 1295 classem
1200 1229 1350 1295 affectio-

234 1345 313 1388 num
325 1326 543 1409 spiritualium
554 1327 736 1408 pertinent,
748 1333 784 1388 et
796 1325 1022 1388 instrumenta
1033 1344 1175 1409 quorum
1184 1327 1259 1389 soni
1271 1336 1350 1390 sunt

233 1421 395 1495 continui,
419 1430 456 1483 ut
482 1419 657 1494 inflatoria,
681 1420 725 1482 ad
748 1419 892 1483 classem
916 1416 1129 1483 affedtionum
1151 1419 1350 1484 caelestium

232 1516 414 1596 pertinent.
458 1513 543 1577 lnde
565 1523 628 1586 est,
648 1512 737 1594 quod
756 1533 826 1575 vox
849 1532 908 1575 seu
930 1532 1033 1577 sonus
1052 1515 1350 1599 “citharaedorum

232 1618 268 1672 et
283 1610 484 1672 musicorum
493 1608 509 1633 ''
520 1606 687 1689 significet
703 1604 914 1671 affedtionem
927 1608 996 1671 veri
1012 1617 1047 1671 et
1063 1608 1142 1672 boni
1158 1607 1348 1690 spiritualis,

232 1722 272 1766 ac
284 1723 355 1766 vox
370 1723 429 1766 seu
444 1722 546 1766 sonus
559 1702 762 1765 “tibicinum
777 1710 813 1764 et
829 1701 1105 1766 buccinatorum'’
1119 1702 1284 1783 significet
1301 1700 1349 1763 al-

231 1794 411 1860 lectionem
431 1798 499 1860 veri
521 1806 557 1860 et
580 1796 659 1859 boni
677 1793 844 1859 caelestis.
890 1793 990 1876 Quod
1009 1816 1111 1859 sonus
1129 1797 1279 1859 citharae
1301 1818 1346 1859 ex

231 1891 532 1973 correspondentia
553 1889 721 1971 significet
740 1890 987 1953 confessionem
1011 1910 1056 1953 ex
1080 1888 1257 1954 affectione
1280 1892 1350 1954 veri

230 1984 423 2067 spiritualis,
441 1986 596 2048 videatur
615 1981 662 2065 (n.
682 1984 753 2064 276,
771 1982 860 2065 661).
906 1982 1007 2065 Quod
1026 1983 1137 2047 nullae
1155 1982 1350 2048 affectiones

231 2080 355 2143 veriet
377 2080 456 2143 boni
474 2078 664 2162 spiritualis,
684 2098 747 2141 nec
766 2076 959 2141 affedtiones
978 2078 1047 2141 veri
1066 2088 1101 2141 et
1120 2078 1199 2143 boni
1218 2078 1346 2142 caeles·

230 2174 286 2249 tis,
305 2174 373 2237 sint
396 2173 534 2256 illisqui
556 2174 589 2236 in
613 2172 711 2235 malis
728 2180 764 2235 et
787 2172 878 2235 salsis
897 2172 1059 2254 Religiosi
1079 2172 1257 2237 Catholico
1276 2173 1348 2237 Ro·

232 2268 322 2330 mani
340 2276 429 2343 sunt,
449 2267 648 2349 intelligitur
666 2267 742 2344 hic;
766 2267 842 2348 quia
861 2267 991 2342 dicitur,
1012 2268 1101 2350 quod
1123 2272 1220 2331 “vox
1239 2267 1348 2330 citha·

230 2363 407 2425 raedorum
423 2371 457 2424 et
473 2362 685 2437 musicorum,
701 2370 736 2423 et
753 2360 925 2423 tibicinum
941 2371 976 2424 et
996 2361 1260 2434 buccinatorum,
1277 2380 1346 2424 non

229 2456 383 2519 audietur
392 2456 425 2518 in
435 2465 471 2518 te
480 2454 649 2538 amplius.”
693 2453 793 2535 Quod
807 2474 875 2517 non
886 2456 1025 2529 sint,est
1036 2456 1112 2537 quia
1126 2474 1194 2517 non
1204 2466 1348 2536 possunt

229 2551 302 2613 dari
318 2551 405 2632 apud
417 2549 505 2624 illos,
521 2569 590 2612 non
606 2550 694 2613 enim
710 2559 763 2612 est
782 2549 847 2612 illis
866 2548 1003 2631 aliquod
1020 2550 1141 2612 verum
1154 2569 1200 2612 ex
1217 2547 1344 2623 Verb0,

229 2653 265 2709 et
295 2646 462 2728 quianon
486 2664 612 2719 verum,
635 2662 697 2708 nec
721 2653 772 2708 est
796 2642 931 2727 aliquod
955 2643 1090 2707 bonum.
1136 2643 1213 2707 Hoc
1237 2643 1347 2708 solum

229 2736 329 2800 datur
344 2739 432 2820 apud
451 2736 526 2801 illos
542 2739 597 2820 qui
612 2739 806 2802 desiderant
822 2759 920 2815 vera3
944 2748 980 2802 at
997 2758 1064 2801 non
1080 2737 1135 2802 alii
1151 2739 1347 2802 desiderant

229 2851 310 2894 vera
331 2852 376 2894 ex
400 2830 578 2896 affectione
600 2833 764 2916 spirituali
787 2852 886 2915 quam
910 2834 964 2916 qui
988 2833 1115 2897 adeunt
1139 2833 1345 2908 Dominum;

227 2925 262 2987 hi
280 2927 463 2989 secundum
483 2927 515 2989 id
535 2927 735 2990 desiderium
754 2946 861 3000 suum,
879 2937 956 3008 post
976 2937 1120 2991 mortem
1136 2928 1347 2991 instruuntur

227 3019 272 3082 ab
289 3018 430 3100 angelis,
450 3029 484 3083 et
502 3023 666 3103 recipiunt
685 3021 752 3084 illa.
796 3018 1007 3084 Affediiones
1026 3032 1201 3096 externae,
1221 3023 1254 3085 in
1270 3023 1344 3104 qui·

227 3111 291 3176 bus
306 3123 384 3177 sunt
403 3113 482 3177 dum
497 3115 635 3179 audiunt
652 3115 784 3191 Missas,
801 3124 837 3178 et
855 3116 888 3178 in
905 3114 977 3178 aliis
993 3115 1241 3191 devotionibus,
1258 3137 1362 3198 quae.

227 3215 308 3270 sunt
330 3207 457 3290 absque
479 3209 567 3271 veris
589 3229 609 3271 a
632 3209 779 3273 Domino
806 3227 866 3291 per
888 3208 1051 3284 Verbum,
1075 3230 1144 3274 non
1174 3220 1253 3273 sunt
1283 3213 1346 3274 nisi

228 3320 329 3382 quam
345 3320 436 3365 mere
451 3303 631 3378 naturales,
649 3301 822 3366 sensuales
837 3311 873 3366 et
890 3323 1092 3385 corporeae;
1115 3313 1151 3368 et
1166 3305 1244 3387 quia
1259 3304 1346 3368 tales

227 3406 319 3468 sunt,
338 3406 373 3459 et
396 3397 522 3479 absque
540 3398 679 3461 internis
702 3418 747 3460 ex
771 3398 931 3473 Domino,
951 3417 1019 3461 non
1042 3400 1162 3462 mirum
1184 3400 1347 3482 estquod

228 3489 261 3551 in
285 3487 430 3570 caligine
451 3501 486 3553 et
510 3493 677 3554 caecitate
699 3491 757 3555 illa
778 3491 928 3556 ferantur
950 3493 992 3555 ad
1016 3492 1145 3556 cultum
1170 3492 1346 3557 bominum

227 3584 379 3645 vivorum
398 3594 434 3647 et
452 3595 669 3659 mortuorum,
687 3595 722 3649 et
738 3587 781 3648 ad
800 3586 960 3649 sacrificia
976 3587 1178 3650 daemonum
1195 3588 1250 3669 qui
1268 3587 1345 3650 Plu-

227 3686 328 3740 tones
345 3689 519 3753 vocantur,
538 3689 576 3742 ut
592 3682 735 3761 expient
754 3701 814 3762 pro
832 3681 1007 3744 animabus
1026 3680 1168 3744 illorum.

286 3794 386 3865 793.
413 3791 432 3820 ¹¹
440 3783 479 3846 ft
490 3784 586 3847 omnic
599 3785 718 3848 artifex
729 3785 826 3850 omnis
839 3785 919 3850 ortis
932 3787 964 3848 io
978 3793 1009 3849 te
1023 3806 1083 3849 noo
1095 3785 1267 3849 invenietur·
1280 3807 1347 3848 om-

224 3871 343 3955 pliut,''
356 3873 524 3955 significat
539 3874 629 3955 quod
645 3874 719 3937 illis
734 3875 794 3956 qui
806 3875 844 3938 in
858 3875 1034 3958 Religr'oso
1054 3875 1114 3938 illo
1127 3897 1171 3939 ex
1190 3875 1346 3940 dolln'no

226 3972 260 4030 ct
286 3987 329 4029 ex
349 3965 421 4028 vito
442 3966 616 4028 secundum
638 3965 733 4029 illam
750 3975 837 4042 sunt,
862 3987 925 4030 non
947 3967 995 4030 sit
1016 3967 1141 4050 aliquis
1162 3967 1343 4034 intellectas

226 4060 303 4124 veri
316 4059 519 4142 spiritualis,
538 4060 662 4123 atinde
679 4080 734 4123 nec
749 4059 865 4143 aliqua
878 4060 1034 4142 cogitatio
1051 4061 1125 4124 ocri
1139 4061 1343 4142 spiritualis.

226 4165 386 4237 quantum
410 4175 433 4217 α
457 4155 608 4218 se.-Per
631 4153 846 4218 “artificem'’
869 4155 901 4217 in
925 4153 1033 4218 Sensu
1053 4154 1218 4236 spirituali
1238 4155 1345 4221 Verbi

226 4248 433 4335 significatur
450 4248 655 4331 intelligens,
675 4259 710 4313 et
730 4270 774 4312 ex
793 4245 969 4312 intellectu
988 4250 1165 4331 cogitans;
1188 4250 1221 4312 in
1244 4271 1345 4314 sensu

225 4344 317 4408 bono
332 4364 376 4407 ex
393 4339 568 4406 intellectu
583 4343 738 4424 cogitans
753 4363 842 4418 vera,
855 4363 942 4426 quae
957 4343 1128 4418 caelestia,
1145 4353 1180 4406 et
1196 4344 1229 4406 in
1245 4364 1345 4408 sensu

226 4437 317 4501 malo
337 4456 382 4500 ex
406 4433 581 4500 intellectu
599 4439 756 4518 cogitans
774 4435 869 4512 falsa,
889 4457 974 4520 quae
993 4437 1185 4501 infernalia:
1209 4448 1245 4501 et
1267 4440 1346 4520 quia

226 4530 308 4596 haec
325 4541 361 4595 et
380 4529 437 4594 illa
455 4531 695 4613 suntplurium
710 4551 883 4613 generum,
900 4542 935 4595 et
954 4529 1129 4614 quodlibet
1146 4551 1253 4614 genus
1269 4531 1344 4613 plu·

225 4625 308 4709 rium
321 4626 518 4708 specierum,
529 4635 564 4688 et
576 4624 745 4708 quaelibet
756 4625 886 4708 species
896 4627 1016 4690 iterum
1027 4625 1169 4707 plurium
1181 4645 1344 4708 generum

225 4722 260 4785 et
272 4719 473 4804 specierum,
482 4739 567 4802 quae
577 4728 693 4783 tamen
705 4718 919 4804 particularia
931 4729 965 4784 et
979 4719 1158 4800 singularia
1168 4728 1342 4794 vocantur,
