<?xml version="1.0" encoding="UTF-8"?>
<!DOCTYPE html PUBLIC "-//W3C//DTD XHTML 1.0 Transitional//EN"
    "http://www.w3.org/TR/xhtml1/DTD/xhtml1-transitional.dtd">
<html xmlns="http://www.w3.org/1999/xhtml" xml:lang="en" lang="en">
 <head>
  <title>
</title>
<meta http-equiv="Content-Type" content="text/html;charset=utf-8" />
  <meta name='ocr-system' content='tesseract 3.04.00' />
  <meta name='ocr-capabilities' content='ocr_page ocr_carea ocr_par ocr_line ocrx_word'/>
</head>
<body>
  <div class='ocr_page' id='page_1' title='image "./apocalypsisreve00swedgoog_0355.png"; bbox 0 0 3384 5400; ppageno 0'>
   <div class='ocr_carea' id='block_1_1' title="bbox 529 659 1362 741">
    <p class='ocr_par' dir='ltr' id='par_1_1' title="bbox 529 659 1362 741">
     <span class='ocr_line' id='line_1_1' title="bbox 529 659 1362 741; baseline 0.001 -17"><span class='ocrx_word' id='word_1_1' title='bbox 529 671 609 724; x_wconf 76' lang='lat' dir='ltr'><strong>cns.</strong></span> <span class='ocrx_word' id='word_1_2' title='bbox 626 673 730 736; x_wconf 75' lang='lat' dir='ltr'><strong>xxm,</strong></span> <span class='ocrx_word' id='word_1_3' title='bbox 747 671 850 723; x_wconf 76' lang='lat' dir='ltr'><strong>vans.</strong></span> <span class='ocrx_word' id='word_1_4' title='bbox 871 673 996 740; x_wconf 86' lang='lat' dir='ltr'><strong>19.-u.</strong></span> <span class='ocrx_word' id='word_1_5' title='bbox 1011 660 1083 741; x_wconf 85' lang='lat'>958.</span> <span class='ocrx_word' id='word_1_6' title='bbox 1302 659 1362 741; x_wconf 80' lang='lat'><strong>865</strong></span> 
     </span>
    </p>
   </div>
   <div class='ocr_carea' id='block_1_2' title="bbox 245 844 1416 1402">
    <p class='ocr_par' dir='ltr' id='par_1_2' title="bbox 245 844 1416 1402">
     <span class='ocr_line' id='line_1_2' title="bbox 246 844 1363 930; baseline -0.004 -17"><span class='ocrx_word' id='word_1_7' title='bbox 246 848 391 913; x_wconf 88' lang='lat' dir='ltr'><strong>alterum</strong></span> <span class='ocrx_word' id='word_1_8' title='bbox 411 847 500 930; x_wconf 93' lang='lat' dir='ltr'><strong>quod</strong></span> <span class='ocrx_word' id='word_1_9' title='bbox 524 867 592 910; x_wconf 92' lang='lat' dir='ltr'><strong>non</strong></span> <span class='ocrx_word' id='word_1_10' title='bbox 616 845 681 910; x_wconf 89' lang='lat' dir='ltr'><strong>alia</strong></span> <span class='ocrx_word' id='word_1_11' title='bbox 701 844 783 908; x_wconf 87' lang='lat' dir='ltr'>fides</span> <span class='ocrx_word' id='word_1_12' title='bbox 802 846 1021 927; x_wconf 88' lang='lat' dir='ltr'><strong>agnoscenda</strong></span> <span class='ocrx_word' id='word_1_13' title='bbox 1044 847 1087 909; x_wconf 89' lang='lat' dir='ltr'><strong>sit</strong></span> <span class='ocrx_word' id='word_1_14' title='bbox 1110 864 1210 928; x_wconf 91' lang='lat' dir='ltr'><strong>quam</strong></span> <span class='ocrx_word' id='word_1_15' title='bbox 1234 846 1267 908; x_wconf 94' lang='lat' dir='ltr'><strong>in</strong></span> <span class='ocrx_word' id='word_1_16' title='bbox 1292 845 1363 908; x_wconf 92' lang='lat' dir='ltr'><strong>Do-</strong></span> 
     </span>
     <span class='ocr_line' id='line_1_3' title="bbox 247 940 1416 1025; baseline -0.003 -19"><span class='ocrx_word' id='word_1_17' title='bbox 247 944 393 1020; x_wconf 87' lang='lat' dir='ltr'><strong>minum;</strong></span> <span class='ocrx_word' id='word_1_18' title='bbox 416 944 472 1025; x_wconf 92' lang='lat' dir='ltr'><strong>qui</strong></span> <span class='ocrx_word' id='word_1_19' title='bbox 488 941 571 1005; x_wconf 84' lang='lat' dir='ltr'><strong>haec</strong></span> <span class='ocrx_word' id='word_1_20' title='bbox 588 943 663 1016; x_wconf 86' lang='lat' dir='ltr'><strong>scit,</strong></span> <span class='ocrx_word' id='word_1_21' title='bbox 680 949 715 1004; x_wconf 93' lang='lat' dir='ltr'><strong>et</strong></span> <span class='ocrx_word' id='word_1_22' title='bbox 735 961 839 1023; x_wconf 89' lang='lat' dir='ltr'><strong>usque</strong></span> <span class='ocrx_word' id='word_1_23' title='bbox 855 941 950 1002; x_wconf 84' lang='lat' dir='ltr'>addit</span> <span class='ocrx_word' id='word_1_24' title='bbox 966 940 1091 1022; x_wconf 91' lang='lat' dir='ltr'><strong>aliquid</strong></span> <span class='ocrx_word' id='word_1_25' title='bbox 1110 961 1155 1003; x_wconf 91' lang='lat' dir='ltr'><strong>ex</strong></span> <span class='ocrx_word' id='word_1_26' title='bbox 1174 941 1365 1006; x_wconf 88' lang='lat' dir='ltr'><strong>intentione</strong></span> <span class='ocrx_word' id='word_1_27' title='bbox 1412 965 1416 971; x_wconf 93' lang='grc'>·</span> 
     </span>
     <span class='ocr_line' id='line_1_4' title="bbox 245 1034 1364 1120; baseline -0.001 -21"><span class='ocrx_word' id='word_1_28' title='bbox 245 1038 334 1120; x_wconf 92' lang='lat' dir='ltr'><strong>quod</strong></span> <span class='ocrx_word' id='word_1_29' title='bbox 352 1038 495 1100; x_wconf 87' lang='lat' dir='ltr'><strong>destruit</strong></span> <span class='ocrx_word' id='word_1_30' title='bbox 515 1035 583 1110; x_wconf 81' lang='lat' dir='ltr'><strong>ina,-</strong></span> <span class='ocrx_word' id='word_1_31' title='bbox 600 1055 667 1098; x_wconf 91' lang='lat' dir='ltr'><strong>non</strong></span> <span class='ocrx_word' id='word_1_32' title='bbox 687 1045 802 1117; x_wconf 82' lang='lat' dir='ltr'><strong>potest</strong></span> <span class='ocrx_word' id='word_1_33' title='bbox 818 1034 917 1097; x_wconf 87' lang='lat' dir='ltr'><strong>aliter</strong></span> <span class='ocrx_word' id='word_1_34' title='bbox 932 1055 1032 1116; x_wconf 90' lang='lat' dir='ltr'><strong>quam</strong></span> <span class='ocrx_word' id='word_1_35' title='bbox 1052 1037 1085 1097; x_wconf 92' lang='lat' dir='ltr'><strong>in</strong></span> <span class='ocrx_word' id='word_1_36' title='bbox 1104 1035 1195 1097; x_wconf 88' lang='lat' dir='ltr'><strong>salsis</strong></span> <span class='ocrx_word' id='word_1_37' title='bbox 1213 1045 1249 1098; x_wconf 91' lang='lat' dir='ltr'><strong>et</strong></span> <span class='ocrx_word' id='word_1_38' title='bbox 1267 1035 1364 1098; x_wconf 89' lang='lat' dir='ltr'><strong>malis</strong></span> 
     </span>
     <span class='ocr_line' id='line_1_5' title="bbox 245 1128 1363 1212; baseline -0.003 -17"><span class='ocrx_word' id='word_1_39' title='bbox 245 1151 319 1195; x_wconf 88' lang='lat' dir='ltr'><strong>esse</strong></span> <span class='ocrx_word' id='word_1_40' title='bbox 337 1141 372 1194; x_wconf 89' lang='lat' dir='ltr'><strong>et</strong></span> <span class='ocrx_word' id='word_1_41' title='bbox 392 1152 436 1194; x_wconf 91' lang='lat' dir='ltr'><strong>ex</strong></span> <span class='ocrx_word' id='word_1_42' title='bbox 457 1131 526 1193; x_wconf 88' lang='lat' dir='ltr'><strong>illis</strong></span> <span class='ocrx_word' id='word_1_43' title='bbox 545 1131 662 1212; x_wconf 90' lang='lat' dir='ltr'><strong>perire,</strong></span> <span class='ocrx_word' id='word_1_44' title='bbox 683 1130 840 1212; x_wconf 86' lang='lat' dir='ltr'><strong>quoniam</strong></span> <span class='ocrx_word' id='word_1_45' title='bbox 864 1148 930 1192; x_wconf 92' lang='lat' dir='ltr'><strong>non</strong></span> <span class='ocrx_word' id='word_1_46' title='bbox 949 1150 995 1191; x_wconf 90' lang='lat' dir='ltr'><strong>ex</strong></span> <span class='ocrx_word' id='word_1_47' title='bbox 1019 1128 1086 1192; x_wconf 89' lang='lat' dir='ltr'><strong>alio</strong></span> <span class='ocrx_word' id='word_1_48' title='bbox 1105 1129 1180 1192; x_wconf 90' lang='lat' dir='ltr'><strong>Deo</strong></span> <span class='ocrx_word' id='word_1_49' title='bbox 1198 1148 1298 1211; x_wconf 87' lang='lat' dir='ltr'><strong>quam</strong></span> <span class='ocrx_word' id='word_1_50' title='bbox 1317 1151 1363 1193; x_wconf 89' lang='lat' dir='ltr'><strong>ex</strong></span> 
     </span>
     <span class='ocr_line' id='line_1_6' title="bbox 246 1223 1365 1319; baseline -0.002 -31"><span class='ocrx_word' id='word_1_51' title='bbox 246 1227 407 1298; x_wconf 83' lang='lat' dir='ltr'><strong>Domino,</strong></span> <span class='ocrx_word' id='word_1_52' title='bbox 432 1243 494 1288; x_wconf 91' lang='lat' dir='ltr'><strong>nec</strong></span> <span class='ocrx_word' id='word_1_53' title='bbox 521 1239 583 1306; x_wconf 84' lang='lat' dir='ltr'><strong>per</strong></span> <span class='ocrx_word' id='word_1_54' title='bbox 607 1224 707 1286; x_wconf 87' lang='lat' dir='ltr'><strong>aliam</strong></span> <span class='ocrx_word' id='word_1_55' title='bbox 731 1223 832 1286; x_wconf 88' lang='lat' dir='ltr'><strong>fidem</strong></span> <span class='ocrx_word' id='word_1_56' title='bbox 858 1243 959 1305; x_wconf 87' lang='lat' dir='ltr'><strong>quarn</strong></span> <span class='ocrx_word' id='word_1_57' title='bbox 986 1225 1019 1286; x_wconf 93' lang='lat' dir='ltr'><strong>in</strong></span> <span class='ocrx_word' id='word_1_58' title='bbox 1047 1223 1240 1298; x_wconf 89' lang='lat' dir='ltr'><strong>Dominum,</strong></span> <span class='ocrx_word' id='word_1_59' title='bbox 1264 1224 1365 1319; x_wconf 77' lang='lat' dir='ltr'><strong>datur</strong></span> 
     </span>
     <span class='ocr_line' id='line_1_7' title="bbox 246 1317 1364 1402; baseline -0.002 -19"><span class='ocrx_word' id='word_1_60' title='bbox 246 1321 370 1384; x_wconf 91' lang='lat' dir='ltr'><strong>bonum</strong></span> <span class='ocrx_word' id='word_1_61' title='bbox 390 1319 480 1402; x_wconf 90' lang='lat' dir='ltr'><strong>quod</strong></span> <span class='ocrx_word' id='word_1_62' title='bbox 503 1329 557 1382; x_wconf 87' lang='lat' dir='ltr'><strong>est</strong></span> <span class='ocrx_word' id='word_1_63' title='bbox 579 1321 713 1393; x_wconf 84' lang='lat' dir='ltr'><strong>amoris,</strong></span> <span class='ocrx_word' id='word_1_64' title='bbox 733 1329 768 1382; x_wconf 85' lang='lat' dir='ltr'><strong>et</strong></span> <span class='ocrx_word' id='word_1_65' title='bbox 792 1337 908 1380; x_wconf 87' lang='lat' dir='ltr'><strong>verum</strong></span> <span class='ocrx_word' id='word_1_66' title='bbox 931 1318 1021 1400; x_wconf 90' lang='lat' dir='ltr'><strong>quod</strong></span> <span class='ocrx_word' id='word_1_67' title='bbox 1044 1328 1098 1381; x_wconf 89' lang='lat' dir='ltr'><strong>est</strong></span> <span class='ocrx_word' id='word_1_68' title='bbox 1119 1317 1208 1394; x_wconf 82' lang='lat' dir='ltr'><strong>fidei,</strong></span> <span class='ocrx_word' id='word_1_69' title='bbox 1226 1329 1262 1382; x_wconf 88' lang='lat' dir='ltr'><strong>et</strong></span> <span class='ocrx_word' id='word_1_70' title='bbox 1284 1319 1364 1382; x_wconf 90' lang='lat' dir='ltr'><strong>inde</strong></span> 
     </span>
    </p>
   </div>
   <div class='ocr_carea' id='block_1_3' title="bbox 244 1411 1364 1778">
    <p class='ocr_par' dir='ltr' id='par_1_3' title="bbox 244 1411 1364 1778">
     <span class='ocr_line' id='line_1_8' title="bbox 245 1411 1363 1495; baseline 0 -19"><span class='ocrx_word' id='word_1_71' title='bbox 245 1413 386 1478; x_wconf 80' lang='lat' dir='ltr'><strong>felicitas</strong></span> <span class='ocrx_word' id='word_1_72' title='bbox 401 1415 492 1477; x_wconf 88' lang='lat' dir='ltr'><strong>vitae</strong></span> <span class='ocrx_word' id='word_1_73' title='bbox 505 1423 673 1487; x_wconf 83' lang='lat' dir='ltr'><strong>aeternae,</strong></span> <span class='ocrx_word' id='word_1_74' title='bbox 688 1423 724 1476; x_wconf 95' lang='lat' dir='ltr'><strong>ut</strong></span> <span class='ocrx_word' id='word_1_75' title='bbox 742 1413 818 1495; x_wconf 83' lang='lat' dir='ltr'><strong>Ipse</strong></span> <span class='ocrx_word' id='word_1_76' title='bbox 835 1412 1001 1475; x_wconf 88' lang='lat' dir='ltr'><strong>Dominus</strong></span> <span class='ocrx_word' id='word_1_77' title='bbox 1016 1413 1105 1495; x_wconf 88' lang='lat' dir='ltr'><strong>apud</strong></span> <span class='ocrx_word' id='word_1_78' title='bbox 1122 1411 1363 1494; x_wconf 88' lang='lat' dir='ltr'><strong>Evangelistas</strong></span> 
     </span>
     <span class='ocr_line' id='line_1_9' title="bbox 245 1506 1362 1590; baseline 0.001 -20"><span class='ocrx_word' id='word_1_79' title='bbox 245 1509 359 1571; x_wconf 88' lang='lat' dir='ltr'><strong>multis</strong></span> <span class='ocrx_word' id='word_1_80' title='bbox 382 1510 417 1571; x_wconf 92' lang='lat' dir='ltr'><strong>in</strong></span> <span class='ocrx_word' id='word_1_81' title='bbox 439 1508 522 1571; x_wconf 90' lang='lat' dir='ltr'><strong>locis</strong></span> <span class='ocrx_word' id='word_1_82' title='bbox 543 1509 645 1572; x_wconf 89' lang='lat' dir='ltr'><strong>docet</strong></span> <span class='ocrx_word' id='word_1_83' title='bbox 666 1507 835 1590; x_wconf 89' lang='lat' dir='ltr'><strong>(videatur</strong></span> <span class='ocrx_word' id='word_1_84' title='bbox 854 1525 964 1588; x_wconf 85' lang='lat' dir='ltr'><strong>supra,</strong></span> <span class='ocrx_word' id='word_1_85' title='bbox 989 1527 1020 1570; x_wconf 89' lang='lat' dir='ltr'><strong>n.</strong></span> <span class='ocrx_word' id='word_1_86' title='bbox 1042 1506 1129 1589; x_wconf 84' lang='lat'><strong>553).</strong></span> <span class='ocrx_word' id='word_1_87' title='bbox 1174 1506 1275 1589; x_wconf 84' lang='lat' dir='ltr'><strong>Quod</strong></span> <span class='ocrx_word' id='word_1_88' title='bbox 1298 1508 1362 1572; x_wconf 93' lang='lat' dir='ltr'><strong>hoc</strong></span> 
     </span>
     <span class='ocr_line' id='line_1_10' title="bbox 244 1601 1363 1686; baseline 0.002 -22"><span class='ocrx_word' id='word_1_89' title='bbox 244 1601 461 1686; x_wconf 81' lang='lat' dir='ltr'><strong>significetur,</strong></span> <span class='ocrx_word' id='word_1_90' title='bbox 481 1613 517 1666; x_wconf 90' lang='lat' dir='ltr'><strong>et</strong></span> <span class='ocrx_word' id='word_1_91' title='bbox 539 1622 611 1665; x_wconf 87' lang='lat' dir='ltr'><strong>non·</strong></span> <span class='ocrx_word' id='word_1_92' title='bbox 629 1602 721 1684; x_wconf 90' lang='lat' dir='ltr'><strong>quod</strong></span> <span class='ocrx_word' id='word_1_93' title='bbox 742 1601 836 1665; x_wconf 64' lang='lat' dir='ltr'><strong>»Deus</strong></span> <span class='ocrx_word' id='word_1_94' title='bbox 856 1603 1031 1664; x_wconf 83' lang='lat' dir='ltr'><strong>additurus</strong></span> <span class='ocrx_word' id='word_1_95' title='bbox 1050 1601 1169 1684; x_wconf 87' lang='lat' dir='ltr'><strong>plagas</strong></span> <span class='ocrx_word' id='word_1_96' title='bbox 1194 1601 1281 1684; x_wconf 91' lang='lat' dir='ltr'><strong>(cap.</strong></span> <span class='ocrx_word' id='word_1_97' title='bbox 1305 1625 1363 1667; x_wconf 89' lang='lat' dir='ltr'><strong>xv.</strong></span> 
     </span>
     <span class='ocr_line' id='line_1_11' title="bbox 244 1695 1364 1778; baseline 0.001 -18"><span class='ocrx_word' id='word_1_98' title='bbox 244 1706 279 1760; x_wconf 86' lang='lat' dir='ltr'><strong>et</strong></span> <span class='ocrx_word' id='word_1_99' title='bbox 302 1697 371 1760; x_wconf 89' lang='lat' dir='ltr'><strong>xvi.</strong></span> <span class='ocrx_word' id='word_1_100' title='bbox 391 1695 594 1778; x_wconf 85' lang='lat' dir='ltr'><strong>descriptas)</strong></span> <span class='ocrx_word' id='word_1_101' title='bbox 614 1715 713 1778; x_wconf 88' lang='lat' dir='ltr'><strong>super</strong></span> <span class='ocrx_word' id='word_1_102' title='bbox 730 1695 828 1759; x_wconf 91' lang='lat' dir='ltr'><strong>illum</strong></span> <span class='ocrx_word' id='word_1_103' title='bbox 852 1697 907 1778; x_wconf 92' lang='lat' dir='ltr'><strong>qui</strong></span> <span class='ocrx_word' id='word_1_104' title='bbox 930 1696 1025 1760; x_wconf 90' lang='lat' dir='ltr'><strong>addit</strong></span> <span class='ocrx_word' id='word_1_105' title='bbox 1048 1697 1172 1778; x_wconf 91' lang='lat' dir='ltr'><strong>aliquid</strong></span> <span class='ocrx_word' id='word_1_106' title='bbox 1194 1697 1237 1759; x_wconf 90' lang='lat' dir='ltr'><strong>ad</strong></span> <span class='ocrx_word' id='word_1_107' title='bbox 1260 1699 1364 1761; x_wconf 88' lang='lat' dir='ltr'><strong>verba</strong></span> 
     </span>
    </p>
   </div>
   <div class='ocr_carea' id='block_1_4' title="bbox 246 1791 1459 1874">
    <p class='ocr_par' dir='ltr' id='par_1_4' title="bbox 246 1791 1459 1874">
     <span class='ocr_line' id='line_1_12' title="bbox 246 1791 1459 1874; baseline -0.001 -19"><span class='ocrx_word' id='word_1_108' title='bbox 246 1792 446 1874; x_wconf 76' lang='lat' dir='ltr'><strong>prophetiae</strong></span> <span class='ocrx_word' id='word_1_109' title='bbox 467 1791 558 1854; x_wconf 88' lang='lat' dir='ltr'><strong>Libri</strong></span> <span class='ocrx_word' id='word_1_110' title='bbox 585 1791 692 1871; x_wconf 88' lang='lat' dir='ltr'><strong>hujus,</strong></span> <span class='ocrx_word' id='word_1_111' title='bbox 716 1792 858 1872; x_wconf 89' lang='lat' dir='ltr'><strong>quisque</strong></span> <span class='ocrx_word' id='word_1_112' title='bbox 880 1801 995 1872; x_wconf 88' lang='lat' dir='ltr'><strong>potest</strong></span> <span class='ocrx_word' id='word_1_113' title='bbox 1018 1811 1063 1854; x_wconf 91' lang='lat' dir='ltr'><strong>ex</strong></span> <span class='ocrx_word' id='word_1_114' title='bbox 1081 1811 1148 1855; x_wconf 76' lang='lat' dir='ltr'><strong>suo</strong></span> <span class='ocrx_word' id='word_1_115' title='bbox 1167 1791 1292 1872; x_wconf 89' lang='lat' dir='ltr'><strong>judicio</strong></span> <span class='ocrx_word' id='word_1_116' title='bbox 1313 1795 1363 1856; x_wconf 72' lang='lat' dir='ltr'><strong>vi·</strong></span> <span class='ocrx_word' id='word_1_117' title='bbox 1454 1837 1459 1844; x_wconf 86' lang='lat'>-</span> 
     </span>
    </p>
   </div>
   <div class='ocr_carea' id='block_1_5' title="bbox 235 1881 1363 4697">
    <p class='ocr_par' dir='ltr' id='par_1_5' title="bbox 244 1881 1363 3857">
     <span class='ocr_line' id='line_1_13' title="bbox 245 1881 1363 1969; baseline 0.002 -20"><span class='ocrx_word' id='word_1_118' title='bbox 245 1888 343 1962; x_wconf 80' lang='lat' dir='ltr'><strong>dere3</strong></span> <span class='ocrx_word' id='word_1_119' title='bbox 376 1887 409 1948; x_wconf 90' lang='lat' dir='ltr'><strong>id</strong></span> <span class='ocrx_word' id='word_1_120' title='bbox 432 1888 521 1949; x_wconf 87' lang='lat' dir='ltr'><strong>enim</strong></span> <span class='ocrx_word' id='word_1_121' title='bbox 544 1881 659 1968; x_wconf 76' lang='lat' dir='ltr'><strong>potest</strong></span> <span class='ocrx_word' id='word_1_122' title='bbox 683 1887 844 1948; x_wconf 85' lang='lat' dir='ltr'><strong>innocens</strong></span> <span class='ocrx_word' id='word_1_123' title='bbox 867 1885 986 1959; x_wconf 80' lang='lat' dir='ltr'><strong>lacere,</strong></span> <span class='ocrx_word' id='word_1_124' title='bbox 1007 1895 1041 1948; x_wconf 89' lang='lat' dir='ltr'><strong>et</strong></span> <span class='ocrx_word' id='word_1_125' title='bbox 1064 1906 1198 1968; x_wconf 90' lang='lat' dir='ltr'><strong>quoque</strong></span> <span class='ocrx_word' id='word_1_126' title='bbox 1220 1898 1363 1969; x_wconf 90' lang='lat' dir='ltr'><strong>possunt</strong></span> 
     </span>
     <span class='ocr_line' id='line_1_14' title="bbox 246 1980 1362 2062; baseline 0.002 -19"><span class='ocrx_word' id='word_1_127' title='bbox 246 1981 341 2043; x_wconf 88' lang='lat' dir='ltr'><strong>multi</strong></span> <span class='ocrx_word' id='word_1_128' title='bbox 365 1999 409 2043; x_wconf 90' lang='lat' dir='ltr'><strong>ex</strong></span> <span class='ocrx_word' id='word_1_129' title='bbox 433 1980 498 2044; x_wconf 85' lang='lat' dir='ltr'><strong>line</strong></span> <span class='ocrx_word' id='word_1_130' title='bbox 517 1981 618 2056; x_wconf 87' lang='lat' dir='ltr'><strong>bono,</strong></span> <span class='ocrx_word' id='word_1_131' title='bbox 639 1991 676 2044; x_wconf 91' lang='lat' dir='ltr'><strong>ut</strong></span> <span class='ocrx_word' id='word_1_132' title='bbox 696 1991 734 2044; x_wconf 83' lang='lat' dir='ltr'><strong>et</strong></span> <span class='ocrx_word' id='word_1_133' title='bbox 754 1999 799 2042; x_wconf 92' lang='lat' dir='ltr'><strong>ex</strong></span> <span class='ocrx_word' id='word_1_134' title='bbox 823 1981 1017 2061; x_wconf 84' lang='lat' dir='ltr'><strong>ignorantia</strong></span> <span class='ocrx_word' id='word_1_135' title='bbox 1035 1980 1362 2062; x_wconf 86' lang='lat' dir='ltr'><strong>quid·significatur;</strong></span> 
     </span>
     <span class='ocr_line' id='line_1_15' title="bbox 244 2074 1363 2156; baseline 0.003 -19"><span class='ocrx_word' id='word_1_136' title='bbox 244 2075 465 2156; x_wconf 80' lang='lat' dir='ltr'><strong>Apocalypsis</strong></span> <span class='ocrx_word' id='word_1_137' title='bbox 485 2077 573 2138; x_wconf 88' lang='lat' dir='ltr'><strong>enim</strong></span> <span class='ocrx_word' id='word_1_138' title='bbox 596 2075 656 2138; x_wconf 87' lang='lat' dir='ltr'><strong>fuit</strong></span> <span class='ocrx_word' id='word_1_139' title='bbox 671 2075 744 2138; x_wconf 54' lang='lat' dir='ltr'><strong>‘huc</strong></span> <span class='ocrx_word' id='word_1_140' title='bbox 764 2091 869 2156; x_wconf 88' lang='lat' dir='ltr'><strong>usque</strong></span> <span class='ocrx_word' id='word_1_141' title='bbox 893 2075 979 2137; x_wconf 90' lang='lat' dir='ltr'><strong>sicut</strong></span> <span class='ocrx_word' id='word_1_142' title='bbox 1004 2074 1107 2137; x_wconf 85' lang='lat' dir='ltr'><strong>Liber</strong></span> <span class='ocrx_word' id='word_1_143' title='bbox 1124 2075 1280 2138; x_wconf 88' lang='lat' dir='ltr'><strong>occlusus</strong></span> <span class='ocrx_word' id='word_1_144' title='bbox 1302 2097 1363 2140; x_wconf 89' lang='lat' dir='ltr'><strong>seu</strong></span> 
     </span>
     <span class='ocr_line' id='line_1_16' title="bbox 246 2169 1362 2252; baseline 0.002 -20"><span class='ocrx_word' id='word_1_145' title='bbox 246 2171 408 2251; x_wconf 85' lang='lat' dir='ltr'><strong>mysticus</strong></span> <span class='ocrx_word' id='word_1_146' title='bbox 423 2191 430 2246; x_wconf 89' lang='lat'><strong>;</strong></span> <span class='ocrx_word' id='word_1_147' title='bbox 445 2205 447 2208; x_wconf 95' lang='lat'>·</span> <span class='ocrx_word' id='word_1_148' title='bbox 464 2188 566 2251; x_wconf 85' lang='lat' dir='ltr'><strong>quare</strong></span> <span class='ocrx_word' id='word_1_149' title='bbox 588 2170 861 2251; x_wconf 68' lang='lat' dir='ltr'><strong>quisque&#39;videre</strong></span> <span class='ocrx_word' id='word_1_150' title='bbox 880 2179 1006 2250; x_wconf 89' lang='lat' dir='ltr'><strong>potest,</strong></span> <span class='ocrx_word' id='word_1_151' title='bbox 1026 2169 1116 2251; x_wconf 92' lang='lat' dir='ltr'><strong>quod</strong></span> <span class='ocrx_word' id='word_1_152' title='bbox 1139 2170 1362 2252; x_wconf 79' lang='lat' dir='ltr'><strong>intelligatur,</strong></span> 
     </span>
     <span class='ocr_line' id='line_1_17' title="bbox 245 2263 1363 2348; baseline 0.004 -22"><span class='ocrx_word' id='word_1_153' title='bbox 245 2265 335 2346; x_wconf 88' lang='lat' dir='ltr'><strong>quod</strong></span> <span class='ocrx_word' id='word_1_154' title='bbox 354 2285 423 2328; x_wconf 89' lang='lat' dir='ltr'><strong>non</strong></span> <span class='ocrx_word' id='word_1_155' title='bbox 439 2264 563 2348; x_wconf 80' lang='lat' dir='ltr'><strong>aliquid</strong></span> <span class='ocrx_word' id='word_1_156' title='bbox 579 2265 771 2328; x_wconf 87' lang='lat' dir='ltr'><strong>addendum</strong></span> <span class='ocrx_word' id='word_1_157' title='bbox 790 2265 833 2327; x_wconf 89' lang='lat' dir='ltr'><strong>sit</strong></span> <span class='ocrx_word' id='word_1_158' title='bbox 853 2283 915 2327; x_wconf 89' lang='lat' dir='ltr'><strong>nec</strong></span> <span class='ocrx_word' id='word_1_159' title='bbox 931 2263 1159 2338; x_wconf 80' lang='lat' dir='ltr'><strong>auferendum,</strong></span> <span class='ocrx_word' id='word_1_160' title='bbox 1176 2265 1267 2348; x_wconf 92' lang='lat' dir='ltr'><strong>quod</strong></span> <span class='ocrx_word' id='word_1_161' title='bbox 1283 2286 1363 2330; x_wconf 88' lang='lat' dir='ltr'><strong>vera</strong></span> 
     </span>
     <span class='ocr_line' id='line_1_18' title="bbox 245 2357 1361 2441; baseline 0.003 -20"><span class='ocrx_word' id='word_1_162' title='bbox 245 2357 418 2423; x_wconf 74' lang='lat' dir='ltr'><strong>dodirinae</strong></span> <span class='ocrx_word' id='word_1_163' title='bbox 439 2361 477 2422; x_wconf 71' lang='lat' dir='ltr'><strong>‘in</strong></span> <span class='ocrx_word' id='word_1_164' title='bbox 505 2360 571 2422; x_wconf 89' lang='lat' dir='ltr'><strong>hoc</strong></span> <span class='ocrx_word' id='word_1_165' title='bbox 598 2359 701 2422; x_wconf 89' lang='lat' dir='ltr'><strong>Libro</strong></span> <span class='ocrx_word' id='word_1_166' title='bbox 728 2379 748 2422; x_wconf 86' lang='lat' dir='ltr'><strong>a</strong></span> <span class='ocrx_word' id='word_1_167' title='bbox 775 2359 924 2422; x_wconf 91' lang='lat' dir='ltr'><strong>Domino</strong></span> <span class='ocrx_word' id='word_1_168' title='bbox 951 2378 1038 2422; x_wconf 91' lang='lat' dir='ltr'><strong>nunc</strong></span> <span class='ocrx_word' id='word_1_169' title='bbox 1062 2369 1182 2441; x_wconf 88' lang='lat' dir='ltr'><strong>aperto</strong></span> <span class='ocrx_word' id='word_1_170' title='bbox 1205 2360 1361 2435; x_wconf 87' lang='lat' dir='ltr'><strong>destruit,</strong></span> 
     </span>
     <span class='ocr_line' id='line_1_19' title="bbox 245 2453 1363 2536; baseline 0.002 -20"><span class='ocrx_word' id='word_1_171' title='bbox 245 2473 330 2536; x_wconf 88' lang='lat' dir='ltr'><strong>quae</strong></span> <span class='ocrx_word' id='word_1_172' title='bbox 346 2475 425 2517; x_wconf 87' lang='lat' dir='ltr'><strong>vera</strong></span> <span class='ocrx_word' id='word_1_173' title='bbox 444 2475 479 2516; x_wconf 89' lang='lat' dir='ltr'><strong>se</strong></span> <span class='ocrx_word' id='word_1_174' title='bbox 499 2455 542 2516; x_wconf 89' lang='lat' dir='ltr'><strong>ad</strong></span> <span class='ocrx_word' id='word_1_175' title='bbox 561 2453 618 2516; x_wconf 89' lang='lat' dir='ltr'><strong>illa</strong></span> <span class='ocrx_word' id='word_1_176' title='bbox 637 2454 704 2516; x_wconf 94' lang='lat' dir='ltr'><strong>duo</strong></span> <span class='ocrx_word' id='word_1_177' title='bbox 722 2453 871 2517; x_wconf 83' lang='lat' dir='ltr'><strong>referunt</strong></span> <span class='ocrx_word' id='word_1_178' title='bbox 884 2473 898 2527; x_wconf 60' lang='grc' dir='ltr'><em>τ</em></span> <span class='ocrx_word' id='word_1_179' title='bbox 913 2469 1018 2536; x_wconf 79' lang='lat' dir='ltr'><strong>&#39;quare</strong></span> <span class='ocrx_word' id='word_1_180' title='bbox 1033 2455 1138 2517; x_wconf 89' lang='lat' dir='ltr'><strong>etiam</strong></span> <span class='ocrx_word' id='word_1_181' title='bbox 1154 2454 1238 2517; x_wconf 88' lang='lat' dir='ltr'><strong>haec</strong></span> <span class='ocrx_word' id='word_1_182' title='bbox 1258 2457 1363 2518; x_wconf 89' lang='lat' dir='ltr'><strong>verba</strong></span> 
     </span>
     <span class='ocr_line' id='line_1_20' title="bbox 245 2547 1361 2631; baseline 0.002 -20"><span class='ocrx_word' id='word_1_183' title='bbox 245 2549 277 2611; x_wconf 92' lang='lat' dir='ltr'><strong>in</strong></span> <span class='ocrx_word' id='word_1_184' title='bbox 300 2550 386 2612; x_wconf 87' lang='lat' dir='ltr'><strong>serie</strong></span> <span class='ocrx_word' id='word_1_185' title='bbox 404 2558 587 2631; x_wconf 87' lang='lat' dir='ltr'><strong>sequuntur</strong></span> <span class='ocrx_word' id='word_1_186' title='bbox 605 2559 684 2631; x_wconf 87' lang='lat' dir='ltr'><strong>post</strong></span> <span class='ocrx_word' id='word_1_187' title='bbox 707 2548 810 2611; x_wconf 88' lang='lat' dir='ltr'><strong>haec:</strong></span> <span class='ocrx_word' id='word_1_188' title='bbox 839 2548 937 2628; x_wconf 90' lang='lat' dir='ltr'><strong>Jesus</strong></span> <span class='ocrx_word' id='word_1_189' title='bbox 955 2549 1045 2611; x_wconf 89' lang='lat' dir='ltr'><strong>misit</strong></span> <span class='ocrx_word' id='word_1_190' title='bbox 1065 2547 1239 2630; x_wconf 86' lang='lat' dir='ltr'><strong>Angelum</strong></span> <span class='ocrx_word' id='word_1_191' title='bbox 1259 2547 1361 2613; x_wconf 89' lang='lat' dir='ltr'><strong>Suum</strong></span> 
     </span>
     <span class='ocr_line' id='line_1_21' title="bbox 247 2641 1361 2725; baseline 0 -18"><span class='ocrx_word' id='word_1_192' title='bbox 247 2645 392 2708; x_wconf 83' lang='lat' dir='ltr'><strong>“testari</strong></span> <span class='ocrx_word' id='word_1_193' title='bbox 415 2644 617 2708; x_wconf 77' lang='lat' dir='ltr'><strong>vobishaec</strong></span> <span class='ocrx_word' id='word_1_194' title='bbox 641 2644 674 2705; x_wconf 95' lang='lat' dir='ltr'><strong>in</strong></span> <span class='ocrx_word' id='word_1_195' title='bbox 698 2641 884 2720; x_wconf 86' lang='lat' dir='ltr'><strong>Ecclesiis;</strong></span> <span class='ocrx_word' id='word_1_196' title='bbox 909 2643 987 2725; x_wconf 86' lang='lat' dir='ltr'><strong>Ego</strong></span> <span class='ocrx_word' id='word_1_197' title='bbox 1006 2663 1079 2707; x_wconf 90' lang='lat' dir='ltr'><strong>sum</strong></span> <span class='ocrx_word' id='word_1_198' title='bbox 1103 2642 1217 2707; x_wconf 88' lang='lat' dir='ltr'><strong>Radix</strong></span> <span class='ocrx_word' id='word_1_199' title='bbox 1238 2654 1273 2708; x_wconf 92' lang='lat' dir='ltr'><strong>et</strong></span> <span class='ocrx_word' id='word_1_200' title='bbox 1293 2642 1361 2707; x_wconf 91' lang='lat' dir='ltr'><strong>Ge·</strong></span> 
     </span>
     <span class='ocr_line' id='line_1_22' title="bbox 245 2737 1363 2820; baseline 0.003 -20"><span class='ocrx_word' id='word_1_201' title='bbox 245 2756 306 2800; x_wconf 87' lang='lat' dir='ltr'><strong>nus</strong></span> <span class='ocrx_word' id='word_1_202' title='bbox 331 2738 480 2813; x_wconf 80' lang='lat' dir='ltr'><strong>navidis,</strong></span> <span class='ocrx_word' id='word_1_203' title='bbox 501 2737 608 2802; x_wconf 87' lang='lat' dir='ltr'><strong>Stella</strong></span> <span class='ocrx_word' id='word_1_204' title='bbox 627 2737 804 2819; x_wconf 88' lang='lat' dir='ltr'><strong>splendida</strong></span> <span class='ocrx_word' id='word_1_205' title='bbox 826 2748 862 2799; x_wconf 88' lang='lat' dir='ltr'><strong>et</strong></span> <span class='ocrx_word' id='word_1_206' title='bbox 885 2738 1073 2814; x_wconf 88' lang='lat' dir='ltr'><strong>matutina;</strong></span> <span class='ocrx_word' id='word_1_207' title='bbox 1105 2748 1140 2800; x_wconf 90' lang='lat' dir='ltr'><strong>et</strong></span> <span class='ocrx_word' id='word_1_208' title='bbox 1163 2737 1307 2820; x_wconf 88' lang='lat' dir='ltr'><strong>Spiritus</strong></span> <span class='ocrx_word' id='word_1_209' title='bbox 1325 2749 1363 2803; x_wconf 87' lang='lat' dir='ltr'><strong>et</strong></span> 
     </span>
     <span class='ocr_line' id='line_1_23' title="bbox 245 2828 1363 2913; baseline 0 -19"><span class='ocrx_word' id='word_1_210' title='bbox 245 2830 376 2913; x_wconf 83' lang='lat' dir='ltr'><strong>Sponsa</strong></span> <span class='ocrx_word' id='word_1_211' title='bbox 398 2834 526 2906; x_wconf 83' lang='lat' dir='ltr'><strong>dicunt,</strong></span> <span class='ocrx_word' id='word_1_212' title='bbox 550 2832 660 2908; x_wconf 89' lang='lat' dir='ltr'><strong>Veni;</strong></span> <span class='ocrx_word' id='word_1_213' title='bbox 694 2842 729 2896; x_wconf 91' lang='lat' dir='ltr'><strong>et</strong></span> <span class='ocrx_word' id='word_1_214' title='bbox 756 2832 895 2895; x_wconf 87' lang='lat' dir='ltr'><strong>audiens</strong></span> <span class='ocrx_word' id='word_1_215' title='bbox 922 2832 1013 2894; x_wconf 83' lang='lat' dir='ltr'><strong>dicat</strong></span> <span class='ocrx_word' id='word_1_216' title='bbox 1037 2828 1147 2908; x_wconf 88' lang='lat' dir='ltr'><strong>Veni;</strong></span> <span class='ocrx_word' id='word_1_217' title='bbox 1181 2841 1217 2895; x_wconf 93' lang='lat' dir='ltr'><strong>et</strong></span> <span class='ocrx_word' id='word_1_218' title='bbox 1243 2834 1363 2895; x_wconf 87' lang='lat' dir='ltr'><strong>sitiens</strong></span> 
     </span>
     <span class='ocr_line' id='line_1_24' title="bbox 244 2925 1361 3009; baseline 0.003 -22"><span class='ocrx_word' id='word_1_219' title='bbox 244 2928 379 3004; x_wconf 78' lang='lat' dir='ltr'><strong>veniat3</strong></span> <span class='ocrx_word' id='word_1_220' title='bbox 405 2945 445 2989; x_wconf 90' lang='lat' dir='ltr'><strong>ac</strong></span> <span class='ocrx_word' id='word_1_221' title='bbox 468 2926 588 2990; x_wconf 82' lang='lat' dir='ltr'><strong>volens</strong></span> <span class='ocrx_word' id='word_1_222' title='bbox 609 2926 754 3008; x_wconf 88' lang='lat' dir='ltr'><strong>accipiet</strong></span> <span class='ocrx_word' id='word_1_223' title='bbox 776 2946 898 3009; x_wconf 86' lang='lat' dir='ltr'><strong>aquam</strong></span> <span class='ocrx_word' id='word_1_224' title='bbox 922 2927 1012 2989; x_wconf 89' lang='lat' dir='ltr'><strong>vitae</strong></span> <span class='ocrx_word' id='word_1_225' title='bbox 1035 2926 1164 3007; x_wconf 84' lang='lat' dir='ltr'><strong>gratis”</strong></span> <span class='ocrx_word' id='word_1_226' title='bbox 1188 2925 1289 3008; x_wconf 88' lang='lat' dir='ltr'><strong>(vers.</strong></span> <span class='ocrx_word' id='word_1_227' title='bbox 1312 2928 1361 3003; x_wconf 80' lang='lat'><strong>16,</strong></span> 
     </span>
     <span class='ocr_line' id='line_1_25' title="bbox 249 3020 1362 3104; baseline 0.003 -23"><span class='ocrx_word' id='word_1_228' title='bbox 249 3020 299 3101; x_wconf 89' lang='lat'><strong>17)</strong></span> <span class='ocrx_word' id='word_1_229' title='bbox 311 3042 320 3097; x_wconf 89' lang='grc'><strong>;</strong></span> <span class='ocrx_word' id='word_1_230' title='bbox 338 3042 395 3103; x_wconf 87' lang='lat' dir='ltr'><strong>per</strong></span> <span class='ocrx_word' id='word_1_231' title='bbox 407 3042 493 3104; x_wconf 88' lang='lat' dir='ltr'><strong>quae</strong></span> <span class='ocrx_word' id='word_1_232' title='bbox 506 3020 722 3103; x_wconf 84' lang='lat' dir='ltr'><strong>significatur,</strong></span> <span class='ocrx_word' id='word_1_233' title='bbox 735 3021 826 3103; x_wconf 93' lang='lat' dir='ltr'><strong>quod</strong></span> <span class='ocrx_word' id='word_1_234' title='bbox 839 3020 1004 3083; x_wconf 90' lang='lat' dir='ltr'><strong>Dominus</strong></span> <span class='ocrx_word' id='word_1_235' title='bbox 1017 3022 1051 3083; x_wconf 94' lang='lat' dir='ltr'><strong>in</strong></span> <span class='ocrx_word' id='word_1_236' title='bbox 1064 3020 1188 3084; x_wconf 90' lang='lat' dir='ltr'><strong>Divino</strong></span> <span class='ocrx_word' id='word_1_237' title='bbox 1202 3021 1362 3085; x_wconf 86' lang='lat' dir='ltr'><strong>Humano</strong></span> 
     </span>
     <span class='ocr_line' id='line_1_26' title="bbox 244 3114 1363 3198; baseline 0 -21"><span class='ocrx_word' id='word_1_238' title='bbox 244 3114 312 3177; x_wconf 90' lang='lat' dir='ltr'><strong>Suo</strong></span> <span class='ocrx_word' id='word_1_239' title='bbox 333 3126 495 3179; x_wconf 87' lang='lat' dir='ltr'><strong>venturus</strong></span> <span class='ocrx_word' id='word_1_240' title='bbox 518 3117 572 3189; x_wconf 85' lang='lat' dir='ltr'><strong>sit,</strong></span> <span class='ocrx_word' id='word_1_241' title='bbox 593 3124 628 3178; x_wconf 87' lang='lat' dir='ltr'><strong>et</strong></span> <span class='ocrx_word' id='word_1_242' title='bbox 651 3115 790 3178; x_wconf 83' lang='lat' dir='ltr'><strong>daturus</strong></span> <span class='ocrx_word' id='word_1_243' title='bbox 812 3116 918 3177; x_wconf 90' lang='lat' dir='ltr'><strong>vitam</strong></span> <span class='ocrx_word' id='word_1_244' title='bbox 941 3126 1116 3177; x_wconf 86' lang='lat' dir='ltr'><strong>aeternam</strong></span> <span class='ocrx_word' id='word_1_245' title='bbox 1140 3114 1205 3177; x_wconf 90' lang='lat' dir='ltr'><strong>illis</strong></span> <span class='ocrx_word' id='word_1_246' title='bbox 1228 3116 1283 3197; x_wconf 89' lang='lat' dir='ltr'><strong>qui</strong></span> <span class='ocrx_word' id='word_1_247' title='bbox 1307 3116 1363 3198; x_wconf 84' lang='lat' dir='ltr'><strong>lp·</strong></span> 
     </span>
     <span class='ocr_line' id='line_1_27' title="bbox 244 3210 1360 3291; baseline 0.003 -21"><span class='ocrx_word' id='word_1_248' title='bbox 244 3228 315 3271; x_wconf 85' lang='lat' dir='ltr'><strong>sum</strong></span> <span class='ocrx_word' id='word_1_249' title='bbox 347 3221 557 3290; x_wconf 81' lang='lat' dir='ltr'><strong>agnoscunt3</strong></span> <span class='ocrx_word' id='word_1_250' title='bbox 592 3227 695 3291; x_wconf 86' lang='lat' dir='ltr'><strong>quare</strong></span> <span class='ocrx_word' id='word_1_251' title='bbox 727 3211 829 3273; x_wconf 86' lang='lat' dir='ltr'><strong>etiam</strong></span> <span class='ocrx_word' id='word_1_252' title='bbox 863 3211 896 3271; x_wconf 89' lang='lat' dir='ltr'><strong>in</strong></span> <span class='ocrx_word' id='word_1_253' title='bbox 930 3211 1015 3272; x_wconf 88' lang='lat' dir='ltr'><strong>serie</strong></span> <span class='ocrx_word' id='word_1_254' title='bbox 1046 3219 1231 3291; x_wconf 88' lang='lat' dir='ltr'><strong>sequuntur</strong></span> <span class='ocrx_word' id='word_1_255' title='bbox 1264 3210 1360 3284; x_wconf 85' lang='lat' dir='ltr'><strong>haec,</strong></span> 
     </span>
     <span class='ocr_line' id='line_1_28' title="bbox 246 3302 1362 3380; baseline 0.004 -16"><span class='ocrx_word' id='word_1_256' title='bbox 246 3302 365 3365; x_wconf 84' lang='lat' dir='ltr'><strong>“Dicit</strong></span> <span class='ocrx_word' id='word_1_257' title='bbox 381 3304 529 3367; x_wconf 88' lang='lat' dir='ltr'><strong>Testans</strong></span> <span class='ocrx_word' id='word_1_258' title='bbox 545 3305 638 3377; x_wconf 86' lang='lat' dir='ltr'><strong>haec,</strong></span> <span class='ocrx_word' id='word_1_259' title='bbox 654 3304 768 3367; x_wconf 88' lang='lat' dir='ltr'><strong>Etiam</strong></span> <span class='ocrx_word' id='word_1_260' title='bbox 785 3306 883 3367; x_wconf 92' lang='lat' dir='ltr'><strong>venio</strong></span> <span class='ocrx_word' id='word_1_261' title='bbox 900 3307 987 3380; x_wconf 91' lang='lat' dir='ltr'><strong>cit0;</strong></span> <span class='ocrx_word' id='word_1_262' title='bbox 1007 3323 1116 3367; x_wconf 90' lang='lat' dir='ltr'><strong>amen.</strong></span> <span class='ocrx_word' id='word_1_263' title='bbox 1157 3304 1272 3367; x_wconf 90' lang='lat' dir='ltr'><strong>Etiam</strong></span> <span class='ocrx_word' id='word_1_264' title='bbox 1284 3307 1362 3369; x_wconf 90' lang='lat' dir='ltr'><strong>veni</strong></span> 
     </span>
     <span class='ocr_line' id='line_1_29' title="bbox 244 3396 1362 3480; baseline 0.003 -21"><span class='ocrx_word' id='word_1_265' title='bbox 244 3396 390 3461; x_wconf 88' lang='lat' dir='ltr'><strong>Domine</strong></span> <span class='ocrx_word' id='word_1_266' title='bbox 407 3398 510 3478; x_wconf 85' lang='lat' dir='ltr'><strong>Jesu”</strong></span> <span class='ocrx_word' id='word_1_267' title='bbox 530 3397 630 3479; x_wconf 86' lang='lat' dir='ltr'><strong>(vers.</strong></span> <span class='ocrx_word' id='word_1_268' title='bbox 652 3397 729 3480; x_wconf 88' lang='lat'>20);</span> <span class='ocrx_word' id='word_1_269' title='bbox 763 3416 808 3463; x_wconf 89' lang='lat' dir='ltr'><strong>ex</strong></span> <span class='ocrx_word' id='word_1_270' title='bbox 828 3400 946 3480; x_wconf 89' lang='lat' dir='ltr'><strong>quibus</strong></span> <span class='ocrx_word' id='word_1_271' title='bbox 965 3409 1071 3480; x_wconf 83' lang='lat' dir='ltr'><strong>patet,</strong></span> <span class='ocrx_word' id='word_1_272' title='bbox 1091 3399 1182 3480; x_wconf 93' lang='lat' dir='ltr'><strong>quod</strong></span> <span class='ocrx_word' id='word_1_273' title='bbox 1205 3418 1273 3462; x_wconf 94' lang='lat' dir='ltr'><strong>non</strong></span> <span class='ocrx_word' id='word_1_274' title='bbox 1296 3400 1362 3463; x_wconf 90' lang='lat' dir='ltr'><strong>alia</strong></span> 
     </span>
     <span class='ocr_line' id='line_1_30' title="bbox 244 3491 1360 3575; baseline 0.003 -22"><span class='ocrx_word' id='word_1_275' title='bbox 244 3491 487 3572; x_wconf 85' lang='lat' dir='ltr'><strong>intelligantur.</strong></span> <span class='ocrx_word' id='word_1_276' title='bbox 532 3492 645 3555; x_wconf 88' lang='lat' dir='ltr'><strong>Etiam</strong></span> <span class='ocrx_word' id='word_1_277' title='bbox 667 3493 844 3556; x_wconf 86' lang='lat' dir='ltr'><strong>“addere&#39;&#39;</strong></span> <span class='ocrx_word' id='word_1_278' title='bbox 863 3504 917 3555; x_wconf 89' lang='lat' dir='ltr'><strong>est</strong></span> <span class='ocrx_word' id='word_1_279' title='bbox 940 3514 1010 3555; x_wconf 87' lang='lat' dir='ltr'><strong>vox</strong></span> <span class='ocrx_word' id='word_1_280' title='bbox 1034 3494 1234 3575; x_wconf 88' lang='lat' dir='ltr'><strong>prophetica</strong></span> <span class='ocrx_word' id='word_1_281' title='bbox 1256 3494 1360 3575; x_wconf 89' lang='lat' dir='ltr'><strong>signi-</strong></span> 
     </span>
     <span class='ocr_line' id='line_1_31' title="bbox 245 3582 1361 3669; baseline 0.004 -22"><span class='ocrx_word' id='word_1_282' title='bbox 245 3582 347 3648; x_wconf 88' lang='lat' dir='ltr'><strong>ficans</strong></span> <span class='ocrx_word' id='word_1_283' title='bbox 374 3586 547 3650; x_wconf 88' lang='lat' dir='ltr'><strong>destruere</strong></span> <span class='ocrx_word' id='word_1_284' title='bbox 576 3585 627 3668; x_wconf 89' lang='lat' dir='ltr'><strong>(ut</strong></span> <span class='ocrx_word' id='word_1_285' title='bbox 653 3586 782 3650; x_wconf 85' lang='lat' dir='ltr'><strong>Psalm.</strong></span> <span class='ocrx_word' id='word_1_286' title='bbox 808 3606 890 3649; x_wconf 87' lang='lat' dir='ltr'><strong>cxx.</strong></span> <span class='ocrx_word' id='word_1_287' title='bbox 917 3585 974 3666; x_wconf 67' lang='lat'>31¹¹;</span> <span class='ocrx_word' id='word_1_288' title='bbox 1007 3598 1043 3651; x_wconf 90' lang='lat' dir='ltr'><strong>et</strong></span> <span class='ocrx_word' id='word_1_289' title='bbox 1070 3586 1175 3669; x_wconf 88' lang='lat' dir='ltr'><strong>alibi).</strong></span> <span class='ocrx_word' id='word_1_290' title='bbox 1226 3588 1282 3650; x_wconf 91' lang='lat' dir='ltr'><strong>Ex</strong></span> <span class='ocrx_word' id='word_1_291' title='bbox 1310 3590 1361 3652; x_wconf 86' lang='lat' dir='ltr'><strong>his</strong></span> 
     </span>
     <span class='ocr_line' id='line_1_32' title="bbox 245 3680 1361 3765; baseline 0.004 -24"><span class='ocrx_word' id='word_1_292' title='bbox 245 3698 330 3743; x_wconf 93' lang='lat' dir='ltr'><strong>nunc</strong></span> <span class='ocrx_word' id='word_1_293' title='bbox 347 3681 451 3743; x_wconf 88' lang='lat' dir='ltr'><strong>videri</strong></span> <span class='ocrx_word' id='word_1_294' title='bbox 471 3691 596 3762; x_wconf 89' lang='lat' dir='ltr'><strong>potest,</strong></span> <span class='ocrx_word' id='word_1_295' title='bbox 614 3682 693 3763; x_wconf 92' lang='lat' dir='ltr'><strong>quid</strong></span> <span class='ocrx_word' id='word_1_296' title='bbox 713 3703 771 3764; x_wconf 91' lang='lat' dir='ltr'><strong>per</strong></span> <span class='ocrx_word' id='word_1_297' title='bbox 790 3680 846 3744; x_wconf 91' lang='lat' dir='ltr'><strong>illa</strong></span> <span class='ocrx_word' id='word_1_298' title='bbox 863 3683 997 3764; x_wconf 88' lang='lat' dir='ltr'><strong>quaein</strong></span> <span class='ocrx_word' id='word_1_299' title='bbox 1017 3682 1082 3745; x_wconf 91' lang='lat' dir='ltr'><strong>hoc</strong></span> <span class='ocrx_word' id='word_1_300' title='bbox 1098 3702 1207 3757; x_wconf 87' lang='lat' dir='ltr'><strong>versu,</strong></span> <span class='ocrx_word' id='word_1_301' title='bbox 1223 3694 1258 3745; x_wconf 87' lang='lat' dir='ltr'><strong>et</strong></span> <span class='ocrx_word' id='word_1_302' title='bbox 1275 3703 1361 3765; x_wconf 87' lang='lat' dir='ltr'><strong>quae</strong></span> 
     </span>
     <span class='ocr_line' id='line_1_33' title="bbox 244 3774 804 3857; baseline 0.005 -21"><span class='ocrx_word' id='word_1_303' title='bbox 244 3774 459 3857; x_wconf 89' lang='lat' dir='ltr'><strong>insequente</strong></span> <span class='ocrx_word' id='word_1_304' title='bbox 478 3786 568 3850; x_wconf 88' lang='lat' dir='ltr'><strong>sunt,</strong></span> <span class='ocrx_word' id='word_1_305' title='bbox 588 3775 804 3857; x_wconf 88' lang='lat' dir='ltr'><strong>significatur.</strong></span> 
     </span>
    </p>

    <p class='ocr_par' dir='ltr' id='par_1_6' title="bbox 235 3870 1362 4697">
     <span class='ocr_line' id='line_1_34' title="bbox 302 3870 1362 3953; baseline 0 -18"><span class='ocrx_word' id='word_1_306' title='bbox 302 3870 405 3953; x_wconf 72' lang='grc'><strong>958.</strong></span> <span class='ocrx_word' id='word_1_307' title='bbox 425 3882 513 3949; x_wconf 80' lang='lat' dir='ltr'><strong>[Vm.</strong></span> <span class='ocrx_word' id='word_1_308' title='bbox 530 3880 581 3948; x_wconf 88' lang='lat'><strong>¹9-]</strong></span> <span class='ocrx_word' id='word_1_309' title='bbox 604 3871 668 3934; x_wconf 62' lang='lat' dir='ltr'><strong>‘fr</strong></span> <span class='ocrx_word' id='word_1_310' title='bbox 679 3872 786 3953; x_wconf 71' lang='lat' dir='ltr'><strong>niquis</strong></span> <span class='ocrx_word' id='word_1_311' title='bbox 800 3872 964 3936; x_wconf 69' lang='lat' dir='ltr'><strong>abstulerit</strong></span> <span class='ocrx_word' id='word_1_312' title='bbox 983 3892 1001 3935; x_wconf 82' lang='grc' dir='ltr'><strong><em>ο</em></strong></span> <span class='ocrx_word' id='word_1_313' title='bbox 1024 3872 1122 3937; x_wconf 72' lang='lat' dir='ltr'><strong>sardis</strong></span> <span class='ocrx_word' id='word_1_314' title='bbox 1136 3872 1218 3934; x_wconf 72' lang='lat' dir='ltr'><strong>tint</strong></span> <span class='ocrx_word' id='word_1_315' title='bbox 1230 3872 1362 3953; x_wconf 72' lang='lat' dir='ltr'><strong>prople-</strong></span> 
     </span>
     <span class='ocr_line' id='line_1_35' title="bbox 245 3958 1362 4045; baseline 0.004 -24"><span class='ocrx_word' id='word_1_316' title='bbox 245 3958 306 4021; x_wconf 78' lang='lat' dir='ltr'><strong>tino</strong></span> <span class='ocrx_word' id='word_1_317' title='bbox 323 3958 422 4041; x_wconf 76' lang='lat' dir='ltr'><strong>hujus,</strong></span> <span class='ocrx_word' id='word_1_318' title='bbox 445 3960 572 4024; x_wconf 74' lang='lat' dir='ltr'><strong>auiam</strong></span> <span class='ocrx_word' id='word_1_319' title='bbox 588 3961 669 4025; x_wconf 77' lang='lat' dir='ltr'><strong>varra</strong></span> <span class='ocrx_word' id='word_1_320' title='bbox 685 3968 807 4042; x_wconf 77' lang='lat' dir='ltr'><strong>purtem</strong></span> <span class='ocrx_word' id='word_1_321' title='bbox 827 3962 896 4045; x_wconf 74' lang='lat' dir='ltr'><strong>ajon</strong></span> <span class='ocrx_word' id='word_1_322' title='bbox 915 3981 934 4024; x_wconf 84' lang='lat' dir='ltr'><strong>a</strong></span> <span class='ocrx_word' id='word_1_323' title='bbox 955 3962 1043 4025; x_wconf 73' lang='lat' dir='ltr'><strong>tiam</strong></span> <span class='ocrx_word' id='word_1_324' title='bbox 1064 3962 1263 4033; x_wconf 68' lang='lat' dir='ltr'><strong>situantur</strong></span> <span class='ocrx_word' id='word_1_325' title='bbox 1282 3962 1362 4026; x_wconf 65' lang='lat' dir='ltr'><strong>vnto</strong></span> 
     </span>
     <span class='ocr_line' id='line_1_36' title="bbox 244 4049 1362 4133; baseline 0.004 -23"><span class='ocrx_word' id='word_1_326' title='bbox 244 4055 367 4120; x_wconf 74' lang='lat' dir='ltr'><strong>sanata,</strong></span> <span class='ocrx_word' id='word_1_327' title='bbox 382 4054 416 4110; x_wconf 80' lang='lat' dir='ltr'><strong>et</strong></span> <span class='ocrx_word' id='word_1_328' title='bbox 427 4049 552 4130; x_wconf 70' lang='lat' dir='ltr'><strong>sareptis</strong></span> <span class='ocrx_word' id='word_1_329' title='bbox 566 4049 596 4113; x_wconf 84' lang='lat' dir='ltr'><strong>in</strong></span> <span class='ocrx_word' id='word_1_330' title='bbox 610 4051 697 4113; x_wconf 77' lang='lat' dir='ltr'><strong>libro</strong></span> <span class='ocrx_word' id='word_1_331' title='bbox 709 4052 804 4123; x_wconf 61' lang='lat' dir='ltr'><strong>doust</strong></span> <span class='ocrx_word' id='word_1_332' title='bbox 819 4051 987 4133; x_wconf 84' lang='lat' dir='ltr'><strong>significat</strong></span> <span class='ocrx_word' id='word_1_333' title='bbox 1005 4052 1095 4133; x_wconf 83' lang='lat' dir='ltr'><strong>quod</strong></span> <span class='ocrx_word' id='word_1_334' title='bbox 1111 4051 1173 4132; x_wconf 82' lang='lat' dir='ltr'><strong>qui</strong></span> <span class='ocrx_word' id='word_1_335' title='bbox 1192 4050 1308 4132; x_wconf 76' lang='lat' dir='ltr'><strong>legum</strong></span> <span class='ocrx_word' id='word_1_336' title='bbox 1328 4064 1362 4114; x_wconf 85' lang='lat' dir='ltr'><strong>et</strong></span> 
     </span>
     <span class='ocr_line' id='line_1_37' title="bbox 244 4141 1358 4227; baseline 0.003 -24"><span class='ocrx_word' id='word_1_337' title='bbox 244 4141 351 4204; x_wconf 71' lang='lat' dir='ltr'><strong>scium</strong></span> <span class='ocrx_word' id='word_1_338' title='bbox 375 4161 456 4204; x_wconf 85' lang='lat' dir='ltr'><strong>vera</strong></span> <span class='ocrx_word' id='word_1_339' title='bbox 481 4142 650 4205; x_wconf 72' lang='lat' dir='ltr'><strong>dolirt&#39;nue</strong></span> <span class='ocrx_word' id='word_1_340' title='bbox 674 4142 772 4227; x_wconf 77' lang='lat' dir='ltr'><strong>hrrjm</strong></span> <span class='ocrx_word' id='word_1_341' title='bbox 797 4143 898 4205; x_wconf 85' lang='lat' dir='ltr'><strong>Libri</strong></span> <span class='ocrx_word' id='word_1_342' title='bbox 920 4164 1004 4206; x_wconf 71' lang='lat' dir='ltr'><strong>stunc</strong></span> <span class='ocrx_word' id='word_1_343' title='bbox 1027 4165 1050 4206; x_wconf 85' lang='lat' dir='ltr'><strong>a</strong></span> <span class='ocrx_word' id='word_1_344' title='bbox 1074 4142 1214 4205; x_wconf 68' lang='grc' dir='ltr'><strong>Παντίκα</strong></span> <span class='ocrx_word' id='word_1_345' title='bbox 1239 4144 1358 4224; x_wconf 80' lang='lat' dir='ltr'><strong>aperti,</strong></span> 
     </span>
     <span class='ocr_line' id='line_1_38' title="bbox 243 4235 1360 4319; baseline 0.003 -23"><span class='ocrx_word' id='word_1_346' title='bbox 243 4244 276 4296; x_wconf 80' lang='lat' dir='ltr'><strong>et</strong></span> <span class='ocrx_word' id='word_1_347' title='bbox 297 4256 400 4317; x_wconf 81' lang='lat' dir='ltr'><strong>usque</strong></span> <span class='ocrx_word' id='word_1_348' title='bbox 420 4246 600 4316; x_wconf 64' lang='lat' dir='ltr'><strong>agaroscunt</strong></span> <span class='ocrx_word' id='word_1_349' title='bbox 621 4235 725 4299; x_wconf 85' lang='lat' dir='ltr'><strong>ulium</strong></span> <span class='ocrx_word' id='word_1_350' title='bbox 746 4237 852 4299; x_wconf 82' lang='lat' dir='ltr'><strong>Deum</strong></span> <span class='ocrx_word' id='word_1_351' title='bbox 875 4258 974 4319; x_wconf 85' lang='lat' dir='ltr'><strong>quam</strong></span> <span class='ocrx_word' id='word_1_352' title='bbox 996 4236 1183 4310; x_wconf 80' lang='lat' dir='ltr'><strong>Dominmn,</strong></span> <span class='ocrx_word' id='word_1_353' title='bbox 1203 4246 1235 4298; x_wconf 80' lang='lat' dir='ltr'><strong>et</strong></span> <span class='ocrx_word' id='word_1_354' title='bbox 1256 4235 1360 4300; x_wconf 67' lang='lat' dir='ltr'><strong>altum</strong></span> 
     </span>
     <span class='ocr_line' id='line_1_39' title="bbox 235 4328 1360 4413; baseline 0 -21"><span class='ocrx_word' id='word_1_355' title='bbox 235 4328 342 4411; x_wconf 82' lang='lat' dir='ltr'><strong>fidem</strong></span> <span class='ocrx_word' id='word_1_356' title='bbox 360 4350 458 4411; x_wconf 86' lang='lat' dir='ltr'><strong>quam</strong></span> <span class='ocrx_word' id='word_1_357' title='bbox 480 4329 515 4392; x_wconf 82' lang='lat' dir='ltr'><strong>in</strong></span> <span class='ocrx_word' id='word_1_358' title='bbox 532 4329 659 4411; x_wconf 81' lang='lat' dir='ltr'><strong>Ipsum,</strong></span> <span class='ocrx_word' id='word_1_359' title='bbox 678 4330 857 4411; x_wconf 78' lang='lat' dir='ltr'><strong>auferendo</strong></span> <span class='ocrx_word' id='word_1_360' title='bbox 874 4332 1007 4413; x_wconf 82' lang='lat' dir='ltr'><strong>aliquid</strong></span> <span class='ocrx_word' id='word_1_361' title='bbox 1021 4341 1086 4411; x_wconf 84' lang='lat' dir='ltr'><strong>per</strong></span> <span class='ocrx_word' id='word_1_362' title='bbox 1106 4329 1196 4411; x_wconf 85' lang='lat' dir='ltr'><strong>quod</strong></span> <span class='ocrx_word' id='word_1_363' title='bbox 1213 4329 1275 4393; x_wconf 80' lang='lat' dir='ltr'><strong>illa</strong></span> <span class='ocrx_word' id='word_1_364' title='bbox 1296 4331 1360 4393; x_wconf 87' lang='lat' dir='ltr'><strong>duo</strong></span> 
     </span>
     <span class='ocr_line' id='line_1_40' title="bbox 243 4422 1361 4507; baseline 0.003 -23"><span class='ocrx_word' id='word_1_365' title='bbox 243 4422 427 4497; x_wconf 81' lang='lat' dir='ltr'><strong>destruant,</strong></span> <span class='ocrx_word' id='word_1_366' title='bbox 452 4442 515 4485; x_wconf 86' lang='lat' dir='ltr'><strong>non</strong></span> <span class='ocrx_word' id='word_1_367' title='bbox 536 4424 670 4505; x_wconf 82' lang='lat' dir='ltr'><strong>possint</strong></span> <span class='ocrx_word' id='word_1_368' title='bbox 691 4424 824 4507; x_wconf 81' lang='lat' dir='ltr'><strong>aliquid</strong></span> <span class='ocrx_word' id='word_1_369' title='bbox 845 4436 964 4505; x_wconf 81' lang='lat' dir='ltr'><strong>sapere</strong></span> <span class='ocrx_word' id='word_1_370' title='bbox 987 4434 1021 4486; x_wconf 86' lang='lat' dir='ltr'><strong>et</strong></span> <span class='ocrx_word' id='word_1_371' title='bbox 1043 4424 1269 4505; x_wconf 77' lang='lat' dir='ltr'><strong>appropriare</strong></span> <span class='ocrx_word' id='word_1_372' title='bbox 1292 4425 1361 4487; x_wconf 86' lang='lat' dir='ltr'><strong>sibi</strong></span> 
     </span>
     <span class='ocr_line' id='line_1_41' title="bbox 243 4516 1361 4600; baseline 0.003 -22"><span class='ocrx_word' id='word_1_373' title='bbox 243 4534 285 4578; x_wconf 78' lang='lat' dir='ltr'><strong>ex</strong></span> <span class='ocrx_word' id='word_1_374' title='bbox 318 4516 430 4592; x_wconf 75' lang='lat' dir='ltr'><strong>Verba,</strong></span> <span class='ocrx_word' id='word_1_375' title='bbox 456 4536 515 4579; x_wconf 45' lang='lat' dir='ltr'><strong>‘nec‘</strong></span> <span class='ocrx_word' id='word_1_376' title='bbox 537 4517 641 4599; x_wconf 57' lang='lat' dir='ltr'><strong>recipi</strong></span> <span class='ocrx_word' id='word_1_377' title='bbox 663 4517 698 4581; x_wconf 79' lang='lat' dir='ltr'><strong>in</strong></span> <span class='ocrx_word' id='word_1_378' title='bbox 724 4519 822 4582; x_wconf 81' lang='lat' dir='ltr'><strong>Nova</strong></span> <span class='ocrx_word' id='word_1_379' title='bbox 847 4518 1089 4600; x_wconf 81' lang='lat' dir='ltr'><strong>Hierosolyma,</strong></span> <span class='ocrx_word' id='word_1_380' title='bbox 1116 4538 1217 4600; x_wconf 82' lang='lat' dir='ltr'><strong>neque</strong></span> <span class='ocrx_word' id='word_1_381' title='bbox 1240 4518 1361 4581; x_wconf 79' lang='lat' dir='ltr'><strong>habere</strong></span> 
     </span>
     <span class='ocr_line' id='line_1_42' title="bbox 244 4612 1358 4697; baseline 0.003 -23"><span class='ocrx_word' id='word_1_382' title='bbox 244 4621 367 4675; x_wconf 76' lang='lat' dir='ltr'><strong>sortem</strong></span> <span class='ocrx_word' id='word_1_383' title='bbox 395 4630 466 4675; x_wconf 77' lang='lat' dir='ltr'><strong>cum</strong></span> <span class='ocrx_word' id='word_1_384' title='bbox 493 4612 655 4695; x_wconf 77' lang='lat' dir='ltr'><strong>illisqui</strong></span> <span class='ocrx_word' id='word_1_385' title='bbox 684 4614 718 4677; x_wconf 81' lang='lat' dir='ltr'><strong>in</strong></span> <span class='ocrx_word' id='word_1_386' title='bbox 746 4614 861 4697; x_wconf 83' lang='lat' dir='ltr'><strong>Regno</strong></span> <span class='ocrx_word' id='word_1_387' title='bbox 889 4612 1243 4677; x_wconf 81' lang='lat' dir='ltr'><strong>Dominr&#39;·sunt.-Per</strong></span> <span class='ocrx_word' id='word_1_388' title='bbox 1274 4614 1358 4677; x_wconf 84' lang='lat' dir='ltr'><strong>haec</strong></span> 
     </span>
    </p>
   </div>
   <div class='ocr_carea' id='block_1_6' title="bbox 0 0 1696 5400">
    <p class='ocr_par' dir='ltr' id='par_1_7' title="bbox 0 0 1696 5400">
     <span class='ocr_line' id='line_1_43' title="bbox 0 0 1696 5400; baseline 0 0"><span class='ocrx_word' id='word_1_389' title='bbox 0 0 1696 5400; x_wconf 95' lang='lat' dir='ltr'><strong> </strong></span> 
     </span>
    </p>
   </div>
  </div>
 </body>
</html>
