3384 5400
523 689 602 740 cau:
618 691 704 754 xvr,
721 691 824 743 vens.
845 691 971 759 13.-u.
987 693 1069 760 702..
1285 680 1347 746 601

231 858 408 924 ratiocinia
428 877 545 922 eorum
564 859 722 924 interiora
743 859 777 924 in
799 859 864 924 hoc
884 857 996 942 Opere
1014 860 1238 942 detegantur;
1264 881 1351 943 quae

232 954 296 1016 nisi
316 953 566 1035 detegerentur,
586 953 690 1021 homo
707 955 853 1035 ignarus,
873 956 1011 1020 tametsi
1029 954 1234 1037 intelligens
1253 955 1351 1020 facile

230 1056 349 1130 posset
367 1047 492 1114 seduci.
534 1107 560 1114 ..

291 1151 387 1220 701.
412 1149 498 1217 [νινε.
515 1147 565 1216 ¹3·]
590 1139 656 1202 ‘fr
669 1139 779 1202 vidior
791 1159 845 1202 ore
861 1139 1021 1212 draconis,
1037 1144 1071 1202 et
1088 1159 1131 1202 οι
1143 1159 1199 1204 ore
1213 1140 1350 1214 Bestiae,

229 1233 267 1292 el
278 1248 319 1291 er
331 1247 385 1291 ora
399 1228 719 1310 Preudupmpletae,”
733 1228 901 1310 significat
912 1239 1104 1310 perceptnm
1123 1251 1167 1292 ex
1182 1230 1351 1312 theologia

220 1321 376 1402 fundata
390 1331 491 1402 super
499 1321 653 1406 doiirina
668 1321 708 1384 de
729 1319 893 1384 Trinitate
902 1330 1123 1401 personarum
1136 1321 1349 1398 Divinitatis,

229 1425 372 1496 etsuper
382 1414 786 1498 delirinajirstificationis
791 1425 856 1496 prr
864 1415 970 1480 solam
978 1415 1095 1479 Fidem
1103 1415 1175 1482 sine
1188 1415 1350 1497 Operibus

228 1508 447 1589 Legis-Per
460 1513 526 1574 “os
535 1508 549 1532 ’¹
561 1507 767 1592 significatur
780 1506 943 1583 doetrina,
956 1518 992 1572 et
1004 1509 1082 1572 inde
1095 1509 1301 1592 praedicatio
1313 1523 1349 1575 et

231 1623 343 1666 senno
363 1601 410 1685 (n.
425 1616 497 1684 453,
509 1602 616 1686 Ι574);
641 1624 706 1686 ρετ
730 1603 952 1666 “Draconem
960 1602 976 1628 ’'
993 1602 1201 1687 significatur
1219 1607 1349 1687 agnitio

231 1699 332 1762 trium
345 1697 504 1773 Deorum,
516 1709 550 1762 et
559 1697 806 1778 justificationis
819 1719 878 1780 per
887 1698 995 1780 solam
1010 1698 1139 1773 Fidem,
1150 1709 1186 1784 et
1198 1700 1275 1763 inde
1289 1702 1348 1764 de-

219 1795 379 1864 ‚vastatio
398 1791 574 1858 Ecclesiae
593 1791 640 1876 (n
662 1792 757 1875 537);
787 1813 847 1876 per
866 1791 1045 1856 “Bestiam
1064 1813 1109 1856 ex
1131 1793 1245 1869 Mari,”
1263 1816 1349 1877 quae

229 1887 288 1978 hic
315 1886 523 1969 intelligitur,
547 1885 777 1970 significantur
803 1898 969 1951 externae
991 1885 1172 1969 Ecclesiae.
1195 1887 1349 1954 homines

220 1982 287 2064 »qui
309 1981 343 2046 in
365 1981 422 2044 illa
444 1983 618 2062 agnitione
640 1989 675 2046 et
700 1981 765 2045 tide
788 1979 939 2060 sunt-(n.
964 1981 1033 2060 567,
1054 1981 1130 2062 Ι576,
1156 1996 1225 2063 577,
1248 1983 1348 2065 601);

230 2097 291 2158 per
321 2075 707 2158 “Pseudoprophetam'f
729 2074 961 2157 significantur
989 2076 1143 2138 internae
1173 2075 1349 2158 Ecclesiae

230 2171 396 2244 homines,
420 2171 475 2252 qui
497 2169 623 2242 docent
645 2191 692 2232 ex¹
714 2168 779 2232 illis
802 2167 963 2232 doctrinis
986 2167 1194 2250 theologiam
1206 2191 1215 2246 ;
1246 2171 1348 2234 Pseu·

230 2263 445 2348 dopropheta
461 2283 528 2326 non
544 2265 633 2347 prius
645 2265 838 2326 nominatus
853 2273 917 2337 est,
929 2263 989 2325 sed
1006 2269 1025 2295 ‘⁴
1035 2262 1151 2336 Bestia
1165 2264 1208 2347 de
1221 2263 1326 2327 Terra
1333 2265 1349 2290 ''

230 2379 318 2422 nunc
340 2360 388 2424 ita
405 2368 545 2421 vocatur
566 2355 732 2440 (videatur
751 2378 860 2440 supra,
881 2377 913 2420 n.
934 2356 1022 2438 594).
1065 2356 1162 2420 Nunc
1181 2360 1258 2442 quia
1276 2379 1348 2421 orn-

230 2455 286 2516 nia
303 2452 361 2517 illa
378 2451 609 2535 significantur
626 2472 686 2533 per
705 2451 955 2526 “Draconem”
975 2450 1155 2523 “Bestiam
1174 2473 1218 2517 ex
1238 2453 1323 2516 Mari
1333 2454 1348 2478 ”

229 2557 265 2612 et
286 2546 676 2628 “Pseudoprophetam,'’
697 2547 752 2628 qui
775 2547 828 2609 hic
851 2555 905 2609 est
929 2544 1075 2608 “Bestia
1096 2567 1114 2608 e
1138 2545 1271 2621 Terra,”
1292 2569 1347 2611 se·

229 2643 351 2725 quitur,
370 2641 459 2723 quod
478 2660 538 2724 per
557 2641 652 2704 “vidi
675 2661 719 2705 ex
743 2661 801 2709 ore
821 2639 986 2705 Draconis
1008 2650 1044 2704 et
1067 2660 1111 2703 ex
1134 2661 1193 2705 ore
1212 2640 1347 2711 Bestiae

219 2748 265 2809 ,εἰ
295 2758 340 2801 ex
363 2757 422 2800 ore
444 2727 786 2818 Pseudoprophetae”
808 2734 1016 2816 significetur
1038 2745 1233 2817 perceptum
1256 2738 1346 2819 quod

221 2852 275 2897 ex
301 2829 476 2911 theologia
505 2830 644 2894 fundata
673 2850 772 2911 super
797 2826 951 2893 dodlrina
978 2828 1154 2893 Trinitatis
1185 2851 1345 2912 persona·

220 2944 302 3006 grum
322 2924 526 3001 Divinitatis,
546 2933 581 2987 et
603 2944 702 3005 super
718 2920 872 3005 doctrina
890 2921 1138 3005 justificationis
1159 2944 1220 3005 per
1237 2926 1346 2989 solam

218 3018 349 3083 -Ftdem
367 3020 439 3081 sine
458 3016 624 3098 Operibus
643 3016 756 3098 Legis.

288 3124 385 3193 7⁰2.
413 3108 568 3189 “Spiritus
596 3113 663 3171 tres
691 3109 858 3171 immundos
883 3108 1000 3171 similer
1026 3108 1151 3181 mnie,''
1178 3110 1345 3191 significat

229 3202 319 3285 quod
339 3200 507 3265 orirentur
527 3222 636 3263 merae
656 3200 921 3263 ratiocinationes
945 3211 978 3263 et
998 3200 1194 3281 cupiditates
1206 3202 1345 3285 *falsifi-

228 3296 329 3361 candi
347 3294 543 3375 vera.-÷Per
566 3293 751 3377 “spiritus”
774 3293 1004 3379 significantur
1034 3296 1087 3358 hic
1118 3294 1239 3379 similia
1259 3317 1346 3378 quae

229 3412 288 3474 per
306 3390 500 3463 daemones,
519 3389 676 3471 quoniam
695 3408 776 3451 mox
796 3388 917 3453 dicitur
936 3389 1031 3472 quod⁴
1046 3399 1161 3461 essent
1182 3391 1345 3470 “spiritus

229 3488 431 3549 daemonum
445 3482 470 3561 ;'’
492 3492 538 3546 et.
551 3502 610 3563 per
634 3481 868 3544 “daemones''
890 3481 1120 3562 significantur
1142 3484 1345 3565 cupiditates

229 3577 424 3643 falsificandi
447 3597 528 3639 vera
555 3574 601 3657 (n.
618 3574 720 3657 458);
750 3595 809 3657 per
832 3574 954 3639 “tres'’
976 3575 1207 3657 significantur
1232 3580 1345 3647 omnia

216 3672 279 3754 .(n.
290 3688 363 3753 400,
379 3670 466 3757 595),
479 3671 532 3734 hic
549 3671 661 3753 itaque
677 3689 788 3746 mere;
811 3690 871 3753 per
887 3670 1037 3733 “ranas’'
1048 3670 1279 3751 significantur
1290 3692 1344 3734 ra·

229 3766 466 3831 tiocinationes
488 3785 533 3827 ex
557 3764 805 3845 cupiditatibus,
825 3765 902 3847 quia
925 3775 1085 3839 coaxant,
1105 3775 1140 3828 et
1159 3767 1344 3848 prurigines

217 3872 327 3947 nsunt:
362 3880 407 3925 ex
426 3860 477 3923 his
500 3867 596 3942 patet
618 3858 707 3941 quod
731 3878 790 3941 per
813 3860 977 3942 “spiritus
1000 3869 1069 3923 tres
1091 3860 1282 3924 immundos
1300 3862 1342 3924 si·

216 3955 327 4019 miles
348 3955 436 4019 ranis
445 3953 460 3977 ¹¹
479 3951 709 4033 significentur
728 3972 839 4016 merae
862 3954 1136 4017 ratiocinationes
1158 3964 1193 4017 et
1217 3955 1343 4035 cupidi·

217 4060 319 4114 tates
337 4046 533 4113 falsificandi
552 4066 640 4109 vera.
686 4046 747 4110 Per
766 4053 895 4110 “ranas
903 4047 918 4072 ”
936 4046 989 4110 hic
1013 4066 1081 4136 non
1103 4047 1193 4111 aliud
1216 4046 1343 4129 signifi·

229 4153 325 4208 catur
353 4160 453 4225 quarn
480 4140 569 4223 quod
599 4160 658 4225 per
689 4145 815 4204 “ranas
838 4141 1022 4223 Aegypti,’'
1051 4143 1129 4225 quia
1146 4141 1343 4219 ¹devastatio

230 4236 404 4301 Ecclesiae
422 4235 510 4317 apud
529 4234 722 4317 Aegyptios
740 4255 799 4317 per
814 4236 975 4300 miracula
992 4233 1081 4300 rasa
1097 4256 1203 4319 aeque
1219 4236 1344 4301 descri-

228 4332 336 4409 bitur;
360 4330 402 4393 de
420 4330 538 4413 quibus
556 4330 604 4392 ita
621 4329 709 4411 apud
729 4328 869 4393 Mosen:

280 4466 298 4488 ‘⁸
306 4462 432 4513 Extendlt
442 4461 550 4511 Aharon
560 4476 669 4511 manum
679 4476 754 4511 suam
764 4476 845 4525 super
856 4476 939 4526 aqum
948 4463 1073 4527 Aegypti,
1085 4472 1112 4513 et
1123 4464 1244 4513 ascendit
1256 4464 1341 4525 Rana,

359 4538 386 4577 et
402 4528 506 4589 operuit
518 4536 614 4577 terram
625 4541 631 4586 ;
649 4538 676 4577 et
687 4536 781 4590 postea
792 4537 911 4577 remotae
924 4538 987 4577 sunt
999 4543 1088 4587 ranae,
1102 4540 1129 4579 et
1140 4538 1243 4579 tentum
1256 4530 1284 4577 in
1296 4530 1344 4580 llu-

359 4590 431 4642 rnine
439 4600 595 4654 supererant
602 4592 616 4611 ''
624 4592 717 4655 (Esar.
728 4592 781 4644 viil.
793 4604 857 4641 1-10
865 4590 911 4658 [B.
921 4596 956 4644 A.
967 4590 1043 4657 5-14]
1054 4608 1061 4654 3
1077 4594 1177 4644 Psalrn.
1185 4594 1286 4645 lxxviii.
1294 4608 1325 4657 45
1336 4610 1343 4657 ;

358 4656 458 4709 Psairn.
469 4670 510 4707 cv.
517 4656 570 4721 Ι30).
