3384 5400
500 696 580 747 cm.
596 696 832 761 xv111.,.vans.
853 696 980 763 14-n.
996 684 1067 765 782.
1279 682 1340 765 685

215 867 344 931 Divina
366 866 513 941 Domini,
533 876 586 931 est
609 866 805 943 diabolicus,
823 866 901 931 ideo
924 876 1002 949 post
1025 863 1184 931 exadium
1207 875 1343 949 tempus

215 971 420 1044 separantur
442 980 462 1023 a
484 963 592 1037 sociis,
617 971 652 1025 et
674 960 873 1043 dejiciuntur
896 962 929 1024 in
952 961 1095 1025 Inferna.
1151 960 1201 1025 At
1226 981 1341 1043 usque,

214 1058 297 1139 quia
326 1076 371 1120 ex
400 1054 575 1137 Religioso
600 1076 662 1118 suo
690 1057 724 1118 in
751 1066 897 1119 externo
926 1054 1019 1118 cultu
1046 1055 1169 1118 Divino
1196 1055 1340 1130 fuerunt,
1409 1118 1411 1121 .

213 1152 364 1233 primum
385 1151 594 1213 instruuntur
611 1149 691 1232 quid
712 1160 749 1213 et
771 1150 870 1233 quale
894 1148 1033 1213 Caelum
1056 1159 1120 1225 est,
1139 1170 1178 1213 ac
1202 1149 1282 1233 quid
1305 1160 1341 1213 et

213 1243 327 1326 qualis
342 1243 484 1307 felicitas
499 1245 589 1307 vitae
605 1256 775 1318 aeternae,
791 1246 881 1327 quod
898 1245 966 1307 sint
983 1264 1094 1308 merae
1113 1244 1341 1309 beatitudines

212 1337 398 1401 influentes
413 1358 433 1401 a
449 1337 596 1401 Domino
609 1338 698 1421 apud
714 1340 969 1420 unumquemvis
985 1339 1018 1401 in
1035 1337 1140 1401 Caelo
1155 1340 1340 1403 secundum

212 1432 318 1514 quale
333 1429 518 1496 affedtionis
534 1433 612 1496 boni
631 1443 667 1496 et
682 1433 752 1495 veri
770 1432 927 1497 caelestis
945 1432 1034 1515 apud
1050 1432 1135 1495 illos.
1180 1432 1248 1497 Sed
1264 1436 1342 1517 quia

211 1526 359 1590 illinon
382 1527 559 1591 adiverunt
586 1528 780 1601 Dominum,
802 1536 839 1590 et
866 1526 944 1591 inde
972 1547 1038 1589 non
1066 1525 1234 1609 conjundii
1262 1538 1340 1593 sunt

211 1640 296 1683 cum
320 1620 409 1702 Ipso,
428 1632 464 1685 et
482 1641 616 1704 quoque
639 1641 707 1685 non
730 1622 763 1685 in
786 1620 899 1703 aliqua
921 1620 981 1684 tali
1004 1619 1179 1685 affeiiione
1203 1622 1282 1686 boni
1305 1633 1340 1686 et

211 1717 289 1779 veri
307 1714 449 1789 fuerunt,
465 1726 663 1779 aversantur
678 1715 745 1791 illa,
764 1725 800 1780 et
815 1724 974 1779 avertunt
990 1735 1036 1790 se,
1054 1726 1088 1779 et
1105 1726 1185 1779 tunc
1202 1718 1340 1799 cupiunt

211 1808 415 1890 voluptates
432 1810 555 1874 amoris
576 1811 627 1873 sui
649 1820 684 1874 et
708 1810 834 1883 mundi,
854 1830 939 1893 quae
957 1820 1037 1873 sunt
1060 1830 1151 1874 mere
1170 1811 1341 1875 naturales

210 1914 252 1969 et
269 1924 462 1986 corporeae.
507 1902 575 1967 Sed
590 1906 668 1986 quia
685 1904 750 1968 illis
766 1903 997 1985 voluptatibus
1011 1906 1148 1968 insitum
1164 1915 1218 1969 est
1233 1905 1340 1970 male-

210 1999 339 2073 facere,
356 1998 517 2080 imprimis
530 1997 597 2061 illis
611 1999 667 2081 qui
683 1997 801 2062 colunt
818 1998 1012 2073 Dominum,
1025 2000 1073 2061 ita
1088 1999 1219 2081 angelis
1234 1999 1339 2075 Caeli,

209 2092 297 2157 ideo
310 2092 415 2155 etiam
430 2090 495 2155 illis
510 2092 741 2175 voluptatibus
757 2092 984 2174 deprivantur,
1001 2100 1037 2155 et
1053 2102 1132 2156 tunc
1149 2093 1341 2174 rejiciuntur

210 2188 307 2251 inter
324 2186 435 2249 socios
452 2187 508 2269 qui
530 2187 563 2271 in
585 2186 763 2268 ergastulis
785 2186 1001 2250 infernalibus
1024 2188 1057 2250 in
1080 2198 1281 2272 contemptu
1304 2200 1340 2253 et

210 2280 352 2345 miseria
368 2290 467 2343 sunt:
491 2279 552 2343 sed
569 2280 653 2344 haec
669 2280 752 2344 fiunt
771 2280 841 2346 illis
855 2282 1039 2345 secundum
1058 2282 1200 2363 gradum
1216 2286 1340 2347 amoris

210 2375 357 2439 dominii
375 2394 474 2457 super
493 2374 615 2438 Divina
636 2374 783 2449 Domini,
803 2375 987 2441 secundum
1006 2396 1106 2459 quem
1125 2377 1267 2459 gradum
1286 2389 1340 2442 est

209 2470 283 2534 illis
301 2465 439 2549 rejedtio
458 2468 604 2532 Domini.

281 2562 339 2626 Ex
355 2562 408 2625 bis
422 2581 510 2625 nunc
526 2572 684 2627 constare
699 2572 826 2645 potest,
839 2564 930 2647 quod
947 2584 1007 2647 per
1020 2562 1171 2628 “fruitus
1184 2565 1340 2631 desiderii

210 2658 350 2724 animae
362 2667 441 2721 tuae
453 2656 640 2732 abiverunt,
654 2666 689 2723 et
705 2659 818 2721 omnia
833 2660 970 2740 pinguia
984 2668 1019 2724 et
1035 2658 1212 2741 splendida
1224 2661 1339 2726 abive-

209 2763 295 2820 runt
318 2772 340 2815 a
360 2760 407 2826 te,
431 2759 467 2815 et
488 2751 631 2832 amplius
654 2772 723 2816 non
745 2753 896 2817 invenies
919 2753 1004 2826 illa,”
1022 2753 1231 2835 significetur
1249 2757 1339 2838 quod

209 2867 338 2914 omnes
366 2846 593 2909 beatitudines
622 2858 658 2911 et
688 2846 866 2910 felicitates
895 2847 999 2922 Caeli,
1030 2849 1133 2912 etiam
1162 2859 1338 2926 externae,

210 2940 336 3026 quales
363 2939 408 3002 ab
435 2939 501 3002 illis
529 2941 715 3022 cupiuntur,
745 2960 880 3023 prorsus
912 2942 1078 3023 fugiturae
1107 2944 1175 3006 sint
1204 2953 1240 3008 et
1270 2965 1338 3008 non

210 3035 362 3116 amplius
387 3035 609 3116 appariturae,
633 3037 711 3118 quia
736 3055 804 3099 non
826 3035 958 3118 aliquae
980 3034 1174 3102 affedtiones
1200 3039 1339 3105 boniet

210 3131 286 3195 veri
315 3138 395 3203 sunt
423 3129 512 3210 apud
541 3127 627 3192 illos.
678 3128 779 3210 Quod
808 3130 996 3212 “pinguia''
1028 3131 1219 3212 significent
1249 3133 1363 3202 bona.

210 3223 379 3289 caelestia
396 3243 435 3286 ac
454 3243 570 3286 eorum
588 3220 783 3287 affet‘tiones
803 3234 839 3286 et
863 3221 1077 3288 affedtionum
1097 3225 1338 3308 jucunditates,

209 3327 376 3384 constare
387 3326 509 3398 potest
527 3337 572 3381 ex
591 3319 809 3400 sequentibus
829 3317 931 3382 locis:

267 3473 434 3523 “Attendite
445 3473 547 3600 αὰἁρε,
561 3475 692 3601 clome)dlte
706 3476 817 3535 bonum,
832 3484 862 3525 ut
872 3476 1011 3526 delicietur
1023 3475 1050 3526 io
1070 3475 1236 3540 pinguedine
1247 3479 1340 3530 anima

350 3539 460 3588 vestra''
508 3555 537 3588 sa
546 3541 556 3590 '.
578 3554 603 3590 v.
616 3552 630 3589 2
651 3555 657 3598 ;

267 3606 288 3630 ‘⁸
296 3603 417 3667 Implebo
425 3557 548 3654 animani
553 3606 722 3655 sacerdotum
734 3605 908 3669 pinguedine,
919 3616 947 3656 et
956 3607 1072 3670 populus
1085 3606 1163 3658 Meus
1176 3607 1254 3658 Bono
1266 3619 1339 3660 satu·

350 3669 471 3718 rabitur”
483 3669 591 3734 (Jerem.
602 3670 674 3721 xxxi.
688 3671 728 3731 14)
738 3684 744 3728 ;

267 3733 417 3798 “Adipeet
428 3735 592 3798 pinguedine
604 3737 767 3785 saturabitur
773 3737 865 3785 anima
871 3751 938 3794 mea,
948 3747 975 3786 et
987 3737 1064 3787 labiis
1072 3738 1236 3788 canticorum
1248 3739 1339 3790 lauda·

350 3801 389 3850 bit
399 3815 431 3849 oa
443 3815 532 3850 meum
540 3799 555 3820 ”
566 3801 676 3861 (Psalm.
688 3801 753 3852 lxiii.
764 3802 780 3850 6
794 3799 839 3866 [B.
851 3804 886 3852 A.
899 3799 952 3866 5]);

267 3865 445 3928 “Implentur
466 3866 632 3928 pinguedine
651 3868 748 3916 domus
766 3867 849 3925 Tuae,
869 3878 895 3917 et
916 3867 1025 3917 flumine
1045 3869 1198 3918 deliciarum
1219 3869 1337 3920 Tuarum

349 3941 427 3994 potas
438 3945 485 3980 eos
494 3930 508 3951 '⁹
519 3931 629 3991 (psalm.
641 3934 731 3982 xxxvi.
745 3947 761 3993 9
774 3929 819 3996 [B.
831 3934 866 3981 A.
878 3930 933 3997 8]);

267 3998 289 4022 “
296 3995 386 4048 Faciet
391 3995 512 4061 Jehouab
519 3997 645 4046 omnibus
653 3998 758 4060 populis
767 3998 795 4046 in
806 3997 900 4048 Monte
908 4000 958 4048 hoc
965 3999 1118 4048 convivium
1129 3999 1335 4062 pinguedinum,

351 4062 546 4124 pinguedinum
554 4063 758 4112 medullatarum
766 4062 780 4083 ’³
788 4062 872 4126 (Esaj.
882 4078 942 4114 xxv.
954 4063 980 4124 6)
990 4079 996 4120 ;

267 4125 390 4177 “Adhuc
402 4136 561 4190 proventum
572 4127 709 4177 habebunt
721 4129 749 4176 in
761 4128 847 4185 senio,
863 4128 980 4191 Pingues
992 4138 1019 4178 et
1031 4129 1128 4179 virides
1141 4138 1228 4187 emnt,
1242 4131 1277 4180 ad
1289 4145 1336 4179 an-

348 4193 525 4242 nuntiandum
533 4193 604 4255 quod
612 4191 845 4257 redtusJehovah”
853 4193 962 4253 (psalm.
971 4195 1030 4244 xcii.
1041 4196 1115 4254 15‚16
1124 4192 1169 4259 [B.
1177 4197 1212 4245 A.
1224 4208 1262 4254 14,
1273 4191 1337 4260 15]);

265 4258 346 4324 Quod
360 4258 387 4306 in
399 4257 524 4308 convivio
536 4259 607 4321 quod
618 4257 739 4322 Jebovah
752 4259 838 4313 faciet.
852 4260 994 4309 comedent
1014 4259 1205 4321 pinguedinem
1223 4261 1256 4310 ad
1275 4261 1338 4310 sati·

348 4332 456 4380 etatem,
470 4331 497 4370 et
508 4322 600 4371 bibent
612 4323 774 4385 Sanguinem
786 4324 820 4372 ad
833 4323 986 4373 ebrietatem
999 4323 1100 4386 (Erech.
1115 4326 1205 4374 xxxix.
1222 4326 1277 4388 19);

267 4386 612 4454 “Jebovabholocaustum
625 4397 700 4438 tuum
715 4389 930 4452 pingue-faciet”
940 4389 1050 4451 (psalni.
1064 4403 1108 4440 xx.
1122 4388 1195 4455 4[B.
1204 4392 1239 4441 A.
1254 4386 1302 4453 3]).

213 4541 308 4624 Quia
326 4538 551 4623 “pinguedo‘’
565 4537 732 4623 significat
752 4541 877 4605 bonum
897 4542 1055 4618 caeleste,
1075 4543 1152 4607 ideo
1169 4551 1334 4607 statutum

211 4636 277 4700 fuit
