3384 5400
357 601 420 684 648
676 613 923 666 APOCALYPSIS
946 613 1157 665 amun.

395 783 466 840 Vult
484 793 518 839 ut
536 783 633 840 dioem
654 783 711 840 inis
729 783 780 856 qui
802 783 892 838 hodie
944 783 1025 855 quod
1046 783 1089 840 dii
1108 784 1185 847 sint3
1210 783 1320 856 quibus
1339 798 1406 839 non
1427 781 1485 837 alia

356 867 471 928 vivunt,
492 865 574 937 quod
598 865 733 920 Christus
752 868 794 919 si!
814 865 894 919 Deus
943 866 1007 920 vita
1018 875 1065 920 est
1077 881 1168 936 quam
1180 865 1244 920 vita
1256 864 1359 923 ferae..

359 946 442 1000 Caeli
450 953 478 1000 et
496 947 610 1008 Terrae,
625 956 655 1000 et
668 946 749 1017 quod
771 946 892 1000 Verbum
981 946 1030 1000 Ad
1044 947 1118 1002 haec
1130 946 1201 1008 dixi,
1215 943 1330 1000 “Forte
1348 944 1427 999 haec
1440 942 1485 997 ni·

356 1029 396 1081 sit
416 1027 550 1082 Sanam
570 1028 736 1090 Deinimm:
760 1036 791 1081 et
811 1027 891 1098 quod
945 1027 1002 1082 mis
1014 1027 1089 1087 dura
1100 1036 1171 1082 sunt
1183 1036 1217 1080 ut
1229 1025 1387 1081 scribam.''

358 1109 492 1178 Spiritus
501 1108 622 1162 Saucius
630 1124 686 1160 non
696 1108 832 1177 loquatur
836 1111 893 1179 per
980 1106 1039 1163 Sed
1053 1107 1215 1177 respondit.
1227 1115 1242 1135 ‘¹
1250 1106 1361 1169 Scribe,
1372 1117 1406 1162 et
1415 1105 1485 1161 sub·

357 1205 387 1242 os
398 1188 533 1259 alz'cujus,
546 1188 599 1242 sed
619 1186 751 1250 Satanas,
763 1188 814 1259 qui
827 1188 894 1242 vult
943 1188 1050 1251 scribo,
1063 1189 1134 1259 quia
1144 1203 1216 1243 vera
1227 1187 1325 1243 sunt.”

358 1269 474 1324 adorari
493 1268 571 1324 sicut
590 1267 687 1324 Deus:
705 1279 735 1323 et
749 1268 830 1340 quod
850 1268 892 1323 illi
982 1267 1020 1323 Et
1032 1279 1105 1323 tunc
1116 1284 1135 1323 a
1147 1284 1196 1323 me
1207 1268 1301 1323 abivit
1315 1267 1345 1322 in
1355 1266 1484 1323 societa-

357 1349 409 1420 qui
430 1350 467 1404 ad
492 1349 565 1405 haec
587 1365 647 1405 non
667 1350 836 1412 attendunt,
859 1359 894 1404 ut
928 1357 1006 1404 'tem
1036 1365 1129 1411 suam,
1154 1358 1187 1404 et
1209 1365 1304 1403 unum
1328 1347 1485 1418 exemplar

357 1429 480 1501 stupidi,
498 1431 607 1486 abeant
625 1431 662 1485 ad
682 1447 760 1492 suos,
774 1441 805 1485 et
824 1440 893 1501 post
944 1430 1127 1501 subscripsit,
1137 1439 1216 1485 aeut
1226 1429 1395 1484 Buiiamad
1409 1428 1483 1482 alias

358 1523 478 1583 tempus
491 1511 670 1582 dejiciantur
688 1511 718 1566 in
739 1510 892 1566 infernum
943 1512 1103 1567 societate·
1125 1511 1225 1566 eidem
1254 1509 1405 1586 Religioni
1430 1508 1484 1564 nd·

357 1593 395 1648 ad
418 1593 485 1650 ilios
504 1592 555 1666 qui
577 1592 714 1649 laborant
736 1592 894 1664 phantasia
944 1589 1040 1649 dicias
1052 1591 1227 1649 transmisit.
