<?xml version="1.0" encoding="UTF-8"?>
<!DOCTYPE html PUBLIC "-//W3C//DTD XHTML 1.0 Transitional//EN"
    "http://www.w3.org/TR/xhtml1/DTD/xhtml1-transitional.dtd">
<html xmlns="http://www.w3.org/1999/xhtml" xml:lang="en" lang="en">
 <head>
  <title>
</title>
<meta http-equiv="Content-Type" content="text/html;charset=utf-8" />
  <meta name='ocr-system' content='tesseract 3.04.00' />
  <meta name='ocr-capabilities' content='ocr_page ocr_carea ocr_par ocr_line ocrx_word'/>
</head>
<body>
  <div class='ocr_page' id='page_1' title='image "./apocalypsisreve00swedgoog_0128.png"; bbox 0 0 3384 5400; ppageno 0'>
   <div class='ocr_carea' id='block_1_1' title="bbox 276 613 1150 694">
    <p class='ocr_par' dir='ltr' id='par_1_1' title="bbox 276 613 1150 694">
     <span class='ocr_line' id='line_1_1' title="bbox 276 613 1150 694; baseline 0 -17"><span class='ocrx_word' id='word_1_1' title='bbox 276 639 277 642; x_wconf 38' lang='lat'>¹</span> <span class='ocrx_word' id='word_1_2' title='bbox 347 613 409 694; x_wconf 83' lang='lat'>638</span> <span class='ocrx_word' id='word_1_3' title='bbox 666 625 914 677; x_wconf 70' lang='lat' dir='ltr'>apocatvesrs</span> <span class='ocrx_word' id='word_1_4' title='bbox 936 626 1150 678; x_wconf 72' lang='lat' dir='ltr'>navatam.</span> 
     </span>
    </p>
   </div>
   <div class='ocr_carea' id='block_1_2' title="bbox 282 794 1508 4556">
    <p class='ocr_par' dir='ltr' id='par_1_2' title="bbox 282 794 1508 3531">
     <span class='ocr_line' id='line_1_2' title="bbox 343 794 1466 879; baseline 0.002 -21"><span class='ocrx_word' id='word_1_5' title='bbox 343 807 407 877; x_wconf 82' lang='lat' dir='ltr'>per</span> <span class='ocrx_word' id='word_1_6' title='bbox 433 794 581 870; x_wconf 86' lang='lat' dir='ltr'>Verbum,</span> <span class='ocrx_word' id='word_1_7' title='bbox 602 794 685 860; x_wconf 83' lang='lat' dir='ltr'>sicut</span> <span class='ocrx_word' id='word_1_8' title='bbox 707 795 740 858; x_wconf 79' lang='lat' dir='ltr'>in</span> <span class='ocrx_word' id='word_1_9' title='bbox 759 796 895 860; x_wconf 80' lang='lat' dir='ltr'><em>Divinis</em></span> <span class='ocrx_word' id='word_1_10' title='bbox 913 796 1002 860; x_wconf 82' lang='lat' dir='ltr'>veris</span> <span class='ocrx_word' id='word_1_11' title='bbox 1019 796 1088 879; x_wconf 84' lang='lat' dir='ltr'>ejus</span> <span class='ocrx_word' id='word_1_12' title='bbox 1106 796 1330 860; x_wconf 71' lang='lat' dir='ltr'>essent—Per</span> <span class='ocrx_word' id='word_1_13' title='bbox 1350 797 1466 860; x_wconf 82' lang='lat' dir='ltr'>“acci-</span> 
     </span>
     <span class='ocr_line' id='line_1_3' title="bbox 348 889 1467 973; baseline 0.001 -20"><span class='ocrx_word' id='word_1_14' title='bbox 348 911 426 970; x_wconf 87' lang='lat' dir='ltr'>pere</span> <span class='ocrx_word' id='word_1_15' title='bbox 449 901 658 973; x_wconf 86' lang='lat' dir='ltr'>potestatem</span> <span class='ocrx_word' id='word_1_16' title='bbox 682 911 757 954; x_wconf 92' lang='lat' dir='ltr'>cum</span> <span class='ocrx_word' id='word_1_17' title='bbox 778 890 893 954; x_wconf 87' lang='lat' dir='ltr'>Bestia</span> <span class='ocrx_word' id='word_1_18' title='bbox 903 891 918 915; x_wconf 87' lang='lat'>&#39;&#39;</span> <span class='ocrx_word' id='word_1_19' title='bbox 936 889 1144 972; x_wconf 87' lang='lat' dir='ltr'>significatur</span> <span class='ocrx_word' id='word_1_20' title='bbox 1166 911 1231 954; x_wconf 87' lang='lat' dir='ltr'>una</span> <span class='ocrx_word' id='word_1_21' title='bbox 1255 891 1368 955; x_wconf 92' lang='lat' dir='ltr'>valere</span> <span class='ocrx_word' id='word_1_22' title='bbox 1389 911 1467 954; x_wconf 88' lang='lat' dir='ltr'>cum</span> 
     </span>
     <span class='ocr_line' id='line_1_4' title="bbox 347 981 1467 1068; baseline 0.002 -21"><span class='ocrx_word' id='word_1_23' title='bbox 347 984 474 1059; x_wconf 90' lang='lat' dir='ltr'>Verbo,</span> <span class='ocrx_word' id='word_1_24' title='bbox 491 981 539 1048; x_wconf 81' lang='lat' dir='ltr'>i&#39;ta</span> <span class='ocrx_word' id='word_1_25' title='bbox 558 986 647 1067; x_wconf 91' lang='lat' dir='ltr'>quod</span> <span class='ocrx_word' id='word_1_26' title='bbox 664 983 816 1049; x_wconf 85' lang='lat' dir='ltr'>Verbum</span> <span class='ocrx_word' id='word_1_27' title='bbox 832 985 921 1068; x_wconf 90' lang='lat' dir='ltr'>apud</span> <span class='ocrx_word' id='word_1_28' title='bbox 940 984 1017 1048; x_wconf 90' lang='lat' dir='ltr'>illos</span> <span class='ocrx_word' id='word_1_29' title='bbox 1034 984 1159 1058; x_wconf 92' lang='lat' dir='ltr'>valeat,</span> <span class='ocrx_word' id='word_1_30' title='bbox 1176 1004 1214 1047; x_wconf 92' lang='lat' dir='ltr'>ac</span> <span class='ocrx_word' id='word_1_31' title='bbox 1234 983 1281 1047; x_wconf 92' lang='lat' dir='ltr'>illi</span> <span class='ocrx_word' id='word_1_32' title='bbox 1301 1005 1361 1067; x_wconf 85' lang='lat' dir='ltr'>per</span> <span class='ocrx_word' id='word_1_33' title='bbox 1378 985 1467 1049; x_wconf 95' lang='lat' dir='ltr'>Ver·</span> 
     </span>
     <span class='ocr_line' id='line_1_5' title="bbox 347 1077 1466 1162; baseline 0.001 -20"><span class='ocrx_word' id='word_1_34' title='bbox 347 1080 425 1142; x_wconf 89' lang='lat' dir='ltr'>bum</span> <span class='ocrx_word' id='word_1_35' title='bbox 438 1078 575 1142; x_wconf 91' lang='lat' dir='ltr'>valeant</span> <span class='ocrx_word' id='word_1_36' title='bbox 589 1100 596 1153; x_wconf 94' lang='lat'>;</span> <span class='ocrx_word' id='word_1_37' title='bbox 620 1100 678 1161; x_wconf 85' lang='lat' dir='ltr'>per</span> <span class='ocrx_word' id='word_1_38' title='bbox 690 1085 927 1162; x_wconf 90' lang='lat' dir='ltr'>“potestatem</span> <span class='ocrx_word' id='word_1_39' title='bbox 937 1081 1089 1162; x_wconf 91' lang='lat' dir='ltr'>accipere</span> <span class='ocrx_word' id='word_1_40' title='bbox 1100 1079 1116 1102; x_wconf 90' lang='grc'>”</span> <span class='ocrx_word' id='word_1_41' title='bbox 1125 1077 1333 1160; x_wconf 84' lang='lat' dir='ltr'>significatur</span> <span class='ocrx_word' id='word_1_42' title='bbox 1342 1079 1466 1154; x_wconf 88' lang='lat' dir='ltr'>valere,</span> 
     </span>
     <span class='ocr_line' id='line_1_6' title="bbox 347 1171 1465 1265; baseline -0.003 -26"><span class='ocrx_word' id='word_1_43' title='bbox 347 1184 382 1239; x_wconf 90' lang='lat' dir='ltr'>et</span> <span class='ocrx_word' id='word_1_44' title='bbox 401 1195 460 1257; x_wconf 90' lang='lat' dir='ltr'>per</span> <span class='ocrx_word' id='word_1_45' title='bbox 480 1181 498 1206; x_wconf 84' lang='lat'>‘⁴</span> <span class='ocrx_word' id='word_1_46' title='bbox 509 1173 658 1237; x_wconf 90' lang='lat' dir='ltr'>Bestiam</span> <span class='ocrx_word' id='word_1_47' title='bbox 667 1174 682 1199; x_wconf 92' lang='lat'><strong>”</strong></span> <span class='ocrx_word' id='word_1_48' title='bbox 698 1173 905 1256; x_wconf 86' lang='lat' dir='ltr'>significatur</span> <span class='ocrx_word' id='word_1_49' title='bbox 921 1173 1072 1237; x_wconf 88' lang='lat' dir='ltr'>Verbum</span> <span class='ocrx_word' id='word_1_50' title='bbox 1094 1171 1141 1265; x_wconf 75' lang='lat' dir='ltr'>(n.</span> <span class='ocrx_word' id='word_1_51' title='bbox 1157 1173 1256 1256; x_wconf 82' lang='lat'>723);</span> <span class='ocrx_word' id='word_1_52' title='bbox 1280 1194 1340 1254; x_wconf 89' lang='lat' dir='ltr'>per</span> <span class='ocrx_word' id='word_1_53' title='bbox 1359 1179 1465 1237; x_wconf 86' lang='lat' dir='ltr'>“tan-</span> 
     </span>
     <span class='ocr_line' id='line_1_7' title="bbox 347 1267 1467 1352; baseline -0.002 -20"><span class='ocrx_word' id='word_1_54' title='bbox 347 1289 447 1352; x_wconf 90' lang='lat' dir='ltr'>quam</span> <span class='ocrx_word' id='word_1_55' title='bbox 471 1269 599 1351; x_wconf 84' lang='lat' dir='ltr'>reges,”</span> <span class='ocrx_word' id='word_1_56' title='bbox 620 1267 827 1350; x_wconf 85' lang='lat' dir='ltr'>significatur</span> <span class='ocrx_word' id='word_1_57' title='bbox 848 1270 935 1332; x_wconf 91' lang='lat' dir='ltr'>sicut</span> <span class='ocrx_word' id='word_1_58' title='bbox 961 1269 996 1331; x_wconf 92' lang='lat' dir='ltr'>in</span> <span class='ocrx_word' id='word_1_59' title='bbox 1019 1268 1149 1330; x_wconf 85' lang='lat' dir='ltr'>Divinis</span> <span class='ocrx_word' id='word_1_60' title='bbox 1172 1268 1259 1330; x_wconf 90' lang='lat' dir='ltr'>veris</span> <span class='ocrx_word' id='word_1_61' title='bbox 1281 1289 1327 1332; x_wconf 88' lang='lat' dir='ltr'>ex</span> <span class='ocrx_word' id='word_1_62' title='bbox 1350 1267 1467 1330; x_wconf 88' lang='lat' dir='ltr'>Verbo</span> 
     </span>
     <span class='ocr_line' id='line_1_8' title="bbox 347 1361 1467 1448; baseline -0.004 -21"><span class='ocrx_word' id='word_1_63' title='bbox 347 1373 480 1442; x_wconf 89' lang='lat' dir='ltr'>essent;</span> <span class='ocrx_word' id='word_1_64' title='bbox 504 1363 593 1446; x_wconf 90' lang='lat' dir='ltr'>quod</span> <span class='ocrx_word' id='word_1_65' title='bbox 613 1383 672 1446; x_wconf 89' lang='lat' dir='ltr'>per</span> <span class='ocrx_word' id='word_1_66' title='bbox 692 1363 841 1448; x_wconf 86' lang='lat' dir='ltr'>“reges&#39;’</span> <span class='ocrx_word' id='word_1_67' title='bbox 861 1361 1092 1444; x_wconf 85' lang='lat' dir='ltr'>significentur</span> <span class='ocrx_word' id='word_1_68' title='bbox 1107 1362 1162 1444; x_wconf 93' lang='lat' dir='ltr'>qui</span> <span class='ocrx_word' id='word_1_69' title='bbox 1180 1363 1213 1424; x_wconf 95' lang='lat' dir='ltr'>in</span> <span class='ocrx_word' id='word_1_70' title='bbox 1231 1362 1362 1425; x_wconf 90' lang='lat' dir='ltr'>Divinis</span> <span class='ocrx_word' id='word_1_71' title='bbox 1380 1363 1467 1425; x_wconf 83' lang='lat' dir='ltr'>veris</span> 
     </span>
     <span class='ocr_line' id='line_1_9' title="bbox 347 1454 1466 1537; baseline -0.003 -17"><span class='ocrx_word' id='word_1_72' title='bbox 347 1479 391 1520; x_wconf 88' lang='lat' dir='ltr'>ex</span> <span class='ocrx_word' id='word_1_73' title='bbox 415 1456 532 1521; x_wconf 88' lang='lat' dir='ltr'>Verbo</span> <span class='ocrx_word' id='word_1_74' title='bbox 555 1469 643 1531; x_wconf 90' lang='lat' dir='ltr'>sunt,</span> <span class='ocrx_word' id='word_1_75' title='bbox 664 1468 698 1521; x_wconf 90' lang='lat' dir='ltr'>et</span> <span class='ocrx_word' id='word_1_76' title='bbox 721 1455 893 1521; x_wconf 69' lang='lat' dir='ltr'>abstradle</span> <span class='ocrx_word' id='word_1_77' title='bbox 917 1458 1039 1520; x_wconf 88' lang='lat' dir='ltr'>Divina</span> <span class='ocrx_word' id='word_1_78' title='bbox 1063 1454 1156 1519; x_wconf 90' lang='lat' dir='ltr'>Vera</span> <span class='ocrx_word' id='word_1_79' title='bbox 1177 1456 1221 1519; x_wconf 95' lang='lat' dir='ltr'>ibi</span> <span class='ocrx_word' id='word_1_80' title='bbox 1246 1455 1294 1537; x_wconf 93' lang='lat' dir='ltr'>(n.</span> <span class='ocrx_word' id='word_1_81' title='bbox 1317 1472 1369 1529; x_wconf 84' lang='lat'>20,</span> <span class='ocrx_word' id='word_1_82' title='bbox 1392 1455 1466 1534; x_wconf 86' lang='lat'>664,</span> 
     </span>
     <span class='ocr_line' id='line_1_10' title="bbox 347 1550 1466 1636; baseline -0.003 -20"><span class='ocrx_word' id='word_1_83' title='bbox 347 1569 419 1634; x_wconf 88' lang='lat'>704,</span> <span class='ocrx_word' id='word_1_84' title='bbox 439 1555 538 1636; x_wconf 91' lang='lat'>740);</span> <span class='ocrx_word' id='word_1_85' title='bbox 572 1573 630 1635; x_wconf 89' lang='lat' dir='ltr'>per</span> <span class='ocrx_word' id='word_1_86' title='bbox 650 1557 778 1616; x_wconf 88' lang='lat' dir='ltr'>“unam</span> <span class='ocrx_word' id='word_1_87' title='bbox 802 1553 920 1616; x_wconf 90' lang='lat' dir='ltr'>horam</span> <span class='ocrx_word' id='word_1_88' title='bbox 929 1552 945 1577; x_wconf 93' lang='lat'>”</span> <span class='ocrx_word' id='word_1_89' title='bbox 962 1550 1171 1633; x_wconf 81' lang='lat' dir='ltr'>significatur</span> <span class='ocrx_word' id='word_1_90' title='bbox 1193 1551 1407 1633; x_wconf 89' lang='lat' dir='ltr'>aliquamdiu,</span> <span class='ocrx_word' id='word_1_91' title='bbox 1430 1562 1466 1614; x_wconf 92' lang='lat' dir='ltr'>et</span> 
     </span>
     <span class='ocr_line' id='line_1_11' title="bbox 347 1646 1466 1730; baseline -0.002 -20"><span class='ocrx_word' id='word_1_92' title='bbox 347 1668 479 1730; x_wconf 90' lang='lat' dir='ltr'>quoque</span> <span class='ocrx_word' id='word_1_93' title='bbox 497 1647 715 1730; x_wconf 89' lang='lat' dir='ltr'>aliquantum.</span> <span class='ocrx_word' id='word_1_94' title='bbox 761 1647 817 1710; x_wconf 91' lang='lat' dir='ltr'>Ex</span> <span class='ocrx_word' id='word_1_95' title='bbox 842 1648 893 1710; x_wconf 91' lang='lat' dir='ltr'>his</span> <span class='ocrx_word' id='word_1_96' title='bbox 913 1656 1020 1727; x_wconf 89' lang='lat' dir='ltr'>patet,</span> <span class='ocrx_word' id='word_1_97' title='bbox 1038 1646 1131 1728; x_wconf 92' lang='lat' dir='ltr'>quod</span> <span class='ocrx_word' id='word_1_98' title='bbox 1150 1666 1209 1727; x_wconf 88' lang='lat' dir='ltr'>per</span> <span class='ocrx_word' id='word_1_99' title='bbox 1228 1650 1466 1727; x_wconf 87' lang='lat' dir='ltr'>“potestatem</span> 
     </span>
     <span class='ocr_line' id='line_1_12' title="bbox 347 1739 1466 1824; baseline -0.004 -18"><span class='ocrx_word' id='word_1_100' title='bbox 347 1753 509 1824; x_wconf 85' lang='lat' dir='ltr'>tanquam</span> <span class='ocrx_word' id='word_1_101' title='bbox 528 1761 625 1822; x_wconf 83' lang='lat' dir='ltr'>reges</span> <span class='ocrx_word' id='word_1_102' title='bbox 645 1761 744 1804; x_wconf 89' lang='lat' dir='ltr'>unam</span> <span class='ocrx_word' id='word_1_103' title='bbox 764 1741 881 1805; x_wconf 83' lang='lat' dir='ltr'>horam</span> <span class='ocrx_word' id='word_1_104' title='bbox 900 1742 1070 1823; x_wconf 89' lang='lat' dir='ltr'>accipiunt</span> <span class='ocrx_word' id='word_1_105' title='bbox 1086 1760 1161 1803; x_wconf 91' lang='lat' dir='ltr'>cum</span> <span class='ocrx_word' id='word_1_106' title='bbox 1182 1739 1324 1813; x_wconf 85' lang='lat' dir='ltr'>Bestia,&#39;’</span> <span class='ocrx_word' id='word_1_107' title='bbox 1340 1739 1466 1822; x_wconf 82' lang='lat' dir='ltr'>signill-</span> 
     </span>
     <span class='ocr_line' id='line_1_13' title="bbox 348 1832 1465 1918; baseline -0.002 -19"><span class='ocrx_word' id='word_1_108' title='bbox 348 1845 442 1900; x_wconf 90' lang='lat' dir='ltr'>cetur</span> <span class='ocrx_word' id='word_1_109' title='bbox 460 1836 549 1918; x_wconf 89' lang='lat' dir='ltr'>quod</span> <span class='ocrx_word' id='word_1_110' title='bbox 569 1835 720 1898; x_wconf 86' lang='lat' dir='ltr'>Verbum</span> <span class='ocrx_word' id='word_1_111' title='bbox 744 1836 832 1916; x_wconf 91' lang='lat' dir='ltr'>apud</span> <span class='ocrx_word' id='word_1_112' title='bbox 856 1835 933 1898; x_wconf 91' lang='lat' dir='ltr'>illos</span> <span class='ocrx_word' id='word_1_113' title='bbox 955 1834 1079 1909; x_wconf 89' lang='lat' dir='ltr'>valeat,</span> <span class='ocrx_word' id='word_1_114' title='bbox 1098 1844 1134 1898; x_wconf 92' lang='lat' dir='ltr'>et</span> <span class='ocrx_word' id='word_1_115' title='bbox 1156 1832 1204 1896; x_wconf 93' lang='lat' dir='ltr'>illi</span> <span class='ocrx_word' id='word_1_116' title='bbox 1226 1853 1286 1915; x_wconf 91' lang='lat' dir='ltr'>per</span> <span class='ocrx_word' id='word_1_117' title='bbox 1304 1832 1465 1907; x_wconf 88' lang='lat' dir='ltr'>Verbum,</span> 
     </span>
     <span class='ocr_line' id='line_1_14' title="bbox 347 1925 1468 2011; baseline -0.003 -18"><span class='ocrx_word' id='word_1_118' title='bbox 347 1933 433 1994; x_wconf 88' lang='lat' dir='ltr'>sicut</span> <span class='ocrx_word' id='word_1_119' title='bbox 460 1932 492 1994; x_wconf 91' lang='lat' dir='ltr'>in</span> <span class='ocrx_word' id='word_1_120' title='bbox 517 1931 646 1993; x_wconf 85' lang='lat' dir='ltr'>Divinis</span> <span class='ocrx_word' id='word_1_121' title='bbox 669 1931 756 1993; x_wconf 90' lang='lat' dir='ltr'>veris</span> <span class='ocrx_word' id='word_1_122' title='bbox 779 1929 850 2011; x_wconf 90' lang='lat' dir='ltr'>ejus</span> <span class='ocrx_word' id='word_1_123' title='bbox 872 1939 998 1992; x_wconf 89' lang='lat' dir='ltr'>essent.</span> <span class='ocrx_word' id='word_1_124' title='bbox 1045 1928 1141 1991; x_wconf 88' lang='lat' dir='ltr'>Haec</span> <span class='ocrx_word' id='word_1_125' title='bbox 1164 1925 1255 1990; x_wconf 75' lang='lat' dir='ltr'>dieta</span> <span class='ocrx_word' id='word_1_126' title='bbox 1277 1938 1367 2001; x_wconf 90' lang='lat' dir='ltr'>sunt,</span> <span class='ocrx_word' id='word_1_127' title='bbox 1391 1929 1468 2010; x_wconf 89' lang='lat' dir='ltr'>quia</span> 
     </span>
     <span class='ocr_line' id='line_1_15' title="bbox 347 2023 1467 2117; baseline -0.003 -30"><span class='ocrx_word' id='word_1_128' title='bbox 347 2033 539 2107; x_wconf 85' lang='lat' dir='ltr'>agnoscunt</span> <span class='ocrx_word' id='word_1_129' title='bbox 562 2025 651 2107; x_wconf 93' lang='lat' dir='ltr'>quod</span> <span class='ocrx_word' id='word_1_130' title='bbox 671 2023 822 2088; x_wconf 86' lang='lat' dir='ltr'>Verbum</span> <span class='ocrx_word' id='word_1_131' title='bbox 845 2025 890 2087; x_wconf 94' lang='lat' dir='ltr'>sit</span> <span class='ocrx_word' id='word_1_132' title='bbox 910 2024 1079 2086; x_wconf 79' lang='lat' dir='ltr'>Divinitas</span> <span class='ocrx_word' id='word_1_133' title='bbox 1101 2023 1310 2106; x_wconf 85' lang='lat' dir='ltr'>inspiratum,</span> <span class='ocrx_word' id='word_1_134' title='bbox 1330 2031 1366 2085; x_wconf 90' lang='lat' dir='ltr'>et</span> <span class='ocrx_word' id='word_1_135' title='bbox 1389 2023 1467 2117; x_wconf 76' lang='lat' dir='ltr'>inde</span> 
     </span>
     <span class='ocr_line' id='line_1_16' title="bbox 348 2117 1470 2201; baseline -0.004 -19"><span class='ocrx_word' id='word_1_136' title='bbox 348 2119 438 2201; x_wconf 91' lang='lat' dir='ltr'>quod</span> <span class='ocrx_word' id='word_1_137' title='bbox 461 2119 616 2183; x_wconf 87' lang='lat' dir='ltr'>Ecclesia</span> <span class='ocrx_word' id='word_1_138' title='bbox 642 2120 686 2182; x_wconf 90' lang='lat' dir='ltr'>sit</span> <span class='ocrx_word' id='word_1_139' title='bbox 710 2118 866 2182; x_wconf 86' lang='lat' dir='ltr'>Ecclesia</span> <span class='ocrx_word' id='word_1_140' title='bbox 895 2139 939 2181; x_wconf 85' lang='lat' dir='ltr'>ex</span> <span class='ocrx_word' id='word_1_141' title='bbox 965 2117 1099 2181; x_wconf 86' lang='lat' dir='ltr'>Verbo:</span> <span class='ocrx_word' id='word_1_142' title='bbox 1134 2117 1194 2181; x_wconf 90' lang='lat' dir='ltr'>sed</span> <span class='ocrx_word' id='word_1_143' title='bbox 1218 2136 1322 2198; x_wconf 90' lang='lat' dir='ltr'>usque</span> <span class='ocrx_word' id='word_1_144' title='bbox 1345 2117 1470 2179; x_wconf 87' lang='lat' dir='ltr'>Divina-</span> 
     </span>
     <span class='ocr_line' id='line_1_17' title="bbox 282 2211 1464 2286; baseline -0.003 -10"><span class='ocrx_word' id='word_1_145' title='bbox 282 2253 286 2262; x_wconf 89' lang='lat'>·</span> <span class='ocrx_word' id='word_1_146' title='bbox 347 2213 440 2278; x_wconf 94' lang='lat' dir='ltr'>Vera</span> <span class='ocrx_word' id='word_1_147' title='bbox 462 2234 507 2277; x_wconf 90' lang='lat' dir='ltr'>ex</span> <span class='ocrx_word' id='word_1_148' title='bbox 531 2213 589 2276; x_wconf 93' lang='lat' dir='ltr'>illo</span> <span class='ocrx_word' id='word_1_149' title='bbox 613 2233 679 2276; x_wconf 92' lang='lat' dir='ltr'>non</span> <span class='ocrx_word' id='word_1_150' title='bbox 703 2213 811 2276; x_wconf 90' lang='lat' dir='ltr'>adhuc</span> <span class='ocrx_word' id='word_1_151' title='bbox 835 2213 1002 2286; x_wconf 89' lang='lat' dir='ltr'>hauriunt,</span> <span class='ocrx_word' id='word_1_152' title='bbox 1022 2213 1125 2275; x_wconf 91' lang='lat' dir='ltr'>modo</span> <span class='ocrx_word' id='word_1_153' title='bbox 1147 2211 1230 2274; x_wconf 91' lang='lat' dir='ltr'>haec</span> <span class='ocrx_word' id='word_1_154' title='bbox 1254 2213 1464 2274; x_wconf 88' lang='lat' dir='ltr'>communia:</span> 
     </span>
     <span class='ocr_line' id='line_1_18' title="bbox 348 2305 1467 2391; baseline -0.004 -19"><span class='ocrx_word' id='word_1_155' title='bbox 348 2309 438 2391; x_wconf 87' lang='lat' dir='ltr'>quod</span> <span class='ocrx_word' id='word_1_156' title='bbox 462 2307 560 2371; x_wconf 90' lang='lat' dir='ltr'>Solus</span> <span class='ocrx_word' id='word_1_157' title='bbox 585 2307 676 2374; x_wconf 89' lang='lat' dir='ltr'>Deus</span> <span class='ocrx_word' id='word_1_158' title='bbox 700 2306 863 2370; x_wconf 90' lang='lat' dir='ltr'>colendus</span> <span class='ocrx_word' id='word_1_159' title='bbox 885 2308 940 2380; x_wconf 92' lang='lat' dir='ltr'>sit,</span> <span class='ocrx_word' id='word_1_160' title='bbox 960 2315 995 2370; x_wconf 92' lang='lat' dir='ltr'>et</span> <span class='ocrx_word' id='word_1_161' title='bbox 1018 2306 1108 2388; x_wconf 91' lang='lat' dir='ltr'>quod</span> <span class='ocrx_word' id='word_1_162' title='bbox 1131 2326 1200 2368; x_wconf 92' lang='lat' dir='ltr'>non</span> <span class='ocrx_word' id='word_1_163' title='bbox 1222 2305 1342 2388; x_wconf 89' lang='lat' dir='ltr'>aliquis</span> <span class='ocrx_word' id='word_1_164' title='bbox 1365 2305 1467 2368; x_wconf 88' lang='lat' dir='ltr'>homo</span> 
     </span>
     <span class='ocr_line' id='line_1_19' title="bbox 348 2395 1466 2484; baseline -0.004 -18"><span class='ocrx_word' id='word_1_165' title='bbox 348 2404 433 2466; x_wconf 90' lang='lat' dir='ltr'>sicut</span> <span class='ocrx_word' id='word_1_166' title='bbox 454 2404 566 2480; x_wconf 88' lang='lat' dir='ltr'>Deus;</span> <span class='ocrx_word' id='word_1_167' title='bbox 589 2395 734 2484; x_wconf 80' lang='lat' dir='ltr'>et&#39;quod</span> <span class='ocrx_word' id='word_1_168' title='bbox 754 2412 909 2484; x_wconf 88' lang='lat' dir='ltr'>potestas</span> <span class='ocrx_word' id='word_1_169' title='bbox 928 2401 1029 2464; x_wconf 89' lang='lat' dir='ltr'>Petro</span> <span class='ocrx_word' id='word_1_170' title='bbox 1047 2401 1129 2464; x_wconf 91' lang='lat' dir='ltr'>data</span> <span class='ocrx_word' id='word_1_171' title='bbox 1147 2421 1215 2464; x_wconf 92' lang='lat' dir='ltr'>non</span> <span class='ocrx_word' id='word_1_172' title='bbox 1233 2401 1266 2462; x_wconf 95' lang='lat' dir='ltr'>in</span> <span class='ocrx_word' id='word_1_173' title='bbox 1290 2421 1327 2462; x_wconf 90' lang='lat' dir='ltr'>se</span> <span class='ocrx_word' id='word_1_174' title='bbox 1345 2401 1389 2464; x_wconf 91' lang='lat' dir='ltr'>sit</span> <span class='ocrx_word' id='word_1_175' title='bbox 1406 2399 1466 2462; x_wconf 91' lang='lat' dir='ltr'>Di·</span> 
     </span>
     <span class='ocr_line' id='line_1_20' title="bbox 347 2494 1467 2579; baseline 0 -21"><span class='ocrx_word' id='word_1_176' title='bbox 347 2497 435 2569; x_wconf 89' lang='lat' dir='ltr'>vina,</span> <span class='ocrx_word' id='word_1_177' title='bbox 455 2508 490 2560; x_wconf 92' lang='lat' dir='ltr'>et</span> <span class='ocrx_word' id='word_1_178' title='bbox 509 2497 599 2579; x_wconf 91' lang='lat' dir='ltr'>quod</span> <span class='ocrx_word' id='word_1_179' title='bbox 619 2507 734 2560; x_wconf 87' lang='lat' dir='ltr'>tamen</span> <span class='ocrx_word' id='word_1_180' title='bbox 755 2497 914 2559; x_wconf 87' lang='lat' dir='ltr'>Divinum</span> <span class='ocrx_word' id='word_1_181' title='bbox 937 2497 981 2558; x_wconf 89' lang='lat' dir='ltr'>sit</span> <span class='ocrx_word' id='word_1_182' title='bbox 1000 2496 1127 2578; x_wconf 86' lang='lat' dir='ltr'>aperire</span> <span class='ocrx_word' id='word_1_183' title='bbox 1151 2505 1186 2558; x_wconf 90' lang='lat' dir='ltr'>et</span> <span class='ocrx_word' id='word_1_184' title='bbox 1204 2494 1361 2558; x_wconf 83' lang='lat' dir='ltr'>claudere</span> <span class='ocrx_word' id='word_1_185' title='bbox 1380 2494 1467 2558; x_wconf 87' lang='lat' dir='ltr'>Cae·</span> 
     </span>
     <span class='ocr_line' id='line_1_21' title="bbox 348 2588 1466 2673; baseline -0.003 -20"><span class='ocrx_word' id='word_1_186' title='bbox 348 2591 427 2664; x_wconf 91' lang='lat' dir='ltr'>lum,</span> <span class='ocrx_word' id='word_1_187' title='bbox 441 2592 530 2673; x_wconf 90' lang='lat' dir='ltr'>quod</span> <span class='ocrx_word' id='word_1_188' title='bbox 543 2610 611 2653; x_wconf 92' lang='lat' dir='ltr'>non</span> <span class='ocrx_word' id='word_1_189' title='bbox 628 2593 659 2653; x_wconf 92' lang='lat' dir='ltr'>in</span> <span class='ocrx_word' id='word_1_190' title='bbox 676 2591 821 2654; x_wconf 90' lang='lat' dir='ltr'>hominis</span> <span class='ocrx_word' id='word_1_191' title='bbox 833 2591 967 2673; x_wconf 92' lang='lat' dir='ltr'>propria</span> <span class='ocrx_word' id='word_1_192' title='bbox 979 2599 1151 2672; x_wconf 82' lang='lat' dir='ltr'>potestate</span> <span class='ocrx_word' id='word_1_193' title='bbox 1167 2600 1230 2652; x_wconf 91' lang='lat' dir='ltr'>est.</span> <span class='ocrx_word' id='word_1_194' title='bbox 1276 2588 1372 2652; x_wconf 92' lang='lat' dir='ltr'>Haec</span> <span class='ocrx_word' id='word_1_195' title='bbox 1386 2609 1466 2652; x_wconf 91' lang='lat' dir='ltr'>con·</span> 
     </span>
     <span class='ocr_line' id='line_1_22' title="bbox 349 2684 1508 2767; baseline -0.001 -19"><span class='ocrx_word' id='word_1_196' title='bbox 349 2685 482 2749; x_wconf 88' lang='lat' dir='ltr'>firmant</span> <span class='ocrx_word' id='word_1_197' title='bbox 502 2685 589 2767; x_wconf 88' lang='lat' dir='ltr'>apud</span> <span class='ocrx_word' id='word_1_198' title='bbox 609 2706 646 2748; x_wconf 90' lang='lat' dir='ltr'>se</span> <span class='ocrx_word' id='word_1_199' title='bbox 664 2707 708 2749; x_wconf 87' lang='lat' dir='ltr'>ex</span> <span class='ocrx_word' id='word_1_200' title='bbox 726 2684 862 2762; x_wconf 88' lang='lat' dir='ltr'>Verbo;</span> <span class='ocrx_word' id='word_1_201' title='bbox 886 2685 945 2749; x_wconf 89' lang='lat' dir='ltr'>sed</span> <span class='ocrx_word' id='word_1_202' title='bbox 964 2705 1078 2750; x_wconf 91' lang='lat' dir='ltr'>coram</span> <span class='ocrx_word' id='word_1_203' title='bbox 1101 2684 1184 2759; x_wconf 90' lang='lat' dir='ltr'>aliis,</span> <span class='ocrx_word' id='word_1_204' title='bbox 1201 2686 1256 2767; x_wconf 92' lang='lat' dir='ltr'>qui</span> <span class='ocrx_word' id='word_1_205' title='bbox 1280 2704 1347 2747; x_wconf 93' lang='lat' dir='ltr'>non</span> <span class='ocrx_word' id='word_1_206' title='bbox 1371 2684 1465 2748; x_wconf 88' lang='lat' dir='ltr'>audi·</span> <span class='ocrx_word' id='word_1_207' title='bbox 1503 2700 1508 2708; x_wconf 85' lang='lat'><strong>·</strong></span> 
     </span>
     <span class='ocr_line' id='line_1_23' title="bbox 348 2779 1464 2863; baseline 0 -20"><span class='ocrx_word' id='word_1_208' title='bbox 348 2790 409 2843; x_wconf 90' lang='lat' dir='ltr'>unt</span> <span class='ocrx_word' id='word_1_209' title='bbox 437 2779 600 2855; x_wconf 86' lang='lat' dir='ltr'>Verbum,</span> <span class='ocrx_word' id='word_1_210' title='bbox 627 2800 672 2842; x_wconf 88' lang='lat' dir='ltr'>ex</span> <span class='ocrx_word' id='word_1_211' title='bbox 702 2780 942 2854; x_wconf 89' lang='lat' dir='ltr'>rationalitate,</span> <span class='ocrx_word' id='word_1_212' title='bbox 967 2801 1053 2862; x_wconf 90' lang='lat' dir='ltr'>quae</span> <span class='ocrx_word' id='word_1_213' title='bbox 1082 2780 1170 2862; x_wconf 87' lang='lat' dir='ltr'>apud</span> <span class='ocrx_word' id='word_1_214' title='bbox 1201 2782 1464 2863; x_wconf 90' lang='lat' dir='ltr'>unumquemvis,</span> 
     </span>
     <span class='ocr_line' id='line_1_24' title="bbox 348 2873 1465 2957; baseline 0 -20"><span class='ocrx_word' id='word_1_215' title='bbox 348 2876 403 2957; x_wconf 91' lang='lat' dir='ltr'>qui</span> <span class='ocrx_word' id='word_1_216' title='bbox 427 2874 459 2935; x_wconf 89' lang='lat' dir='ltr'>in</span> <span class='ocrx_word' id='word_1_217' title='bbox 483 2875 570 2937; x_wconf 90' lang='lat' dir='ltr'>veris</span> <span class='ocrx_word' id='word_1_218' title='bbox 592 2874 665 2937; x_wconf 94' lang='lat' dir='ltr'>vult</span> <span class='ocrx_word' id='word_1_219' title='bbox 688 2894 773 2949; x_wconf 90' lang='lat' dir='ltr'>esse,</span> <span class='ocrx_word' id='word_1_220' title='bbox 794 2894 838 2937; x_wconf 88' lang='lat' dir='ltr'>ex</span> <span class='ocrx_word' id='word_1_221' title='bbox 862 2876 1024 2937; x_wconf 88' lang='lat' dir='ltr'>continuo</span> <span class='ocrx_word' id='word_1_222' title='bbox 1043 2874 1170 2937; x_wconf 84' lang='lat' dir='ltr'>influxu</span> <span class='ocrx_word' id='word_1_223' title='bbox 1194 2895 1212 2938; x_wconf 87' lang='lat' dir='ltr'>e</span> <span class='ocrx_word' id='word_1_224' title='bbox 1235 2873 1339 2937; x_wconf 88' lang='lat' dir='ltr'>Caelo</span> <span class='ocrx_word' id='word_1_225' title='bbox 1358 2874 1465 2947; x_wconf 84' lang='lat' dir='ltr'>datur.</span> 
     </span>
     <span class='ocr_line' id='line_1_25' title="bbox 349 2963 1466 3051; baseline 0.001 -20"><span class='ocrx_word' id='word_1_226' title='bbox 349 2968 449 3049; x_wconf 85' lang='lat' dir='ltr'>Quod</span> <span class='ocrx_word' id='word_1_227' title='bbox 477 2988 543 3031; x_wconf 94' lang='lat' dir='ltr'>non</span> <span class='ocrx_word' id='word_1_228' title='bbox 570 2968 708 3031; x_wconf 88' lang='lat' dir='ltr'>ulterius</span> <span class='ocrx_word' id='word_1_229' title='bbox 738 2963 1006 3051; x_wconf 63' lang='lat' dir='ltr'>progrediantur,</span> <span class='ocrx_word' id='word_1_230' title='bbox 1034 2980 1069 3032; x_wconf 90' lang='lat' dir='ltr'>et</span> <span class='ocrx_word' id='word_1_231' title='bbox 1098 2972 1142 3031; x_wconf 80' lang='lat' dir='ltr'>e&#39;x</span> <span class='ocrx_word' id='word_1_232' title='bbox 1170 2967 1287 3031; x_wconf 91' lang='lat' dir='ltr'>Verbo</span> <span class='ocrx_word' id='word_1_233' title='bbox 1312 2969 1466 3033; x_wconf 84' lang='lat' dir='ltr'>hauriant</span> 
     </span>
     <span class='ocr_line' id='line_1_26' title="bbox 349 3061 1465 3139; baseline 0 -12"><span class='ocrx_word' id='word_1_234' title='bbox 349 3061 547 3128; x_wconf 67' lang='lat' dir='ltr'>doctrinalia</span> <span class='ocrx_word' id='word_1_235' title='bbox 570 3061 646 3125; x_wconf 89' lang='lat' dir='ltr'>fidei</span> <span class='ocrx_word' id='word_1_236' title='bbox 669 3073 704 3126; x_wconf 92' lang='lat' dir='ltr'>et</span> <span class='ocrx_word' id='word_1_237' title='bbox 728 3064 829 3139; x_wconf 89' lang='lat' dir='ltr'>vitae,</span> <span class='ocrx_word' id='word_1_238' title='bbox 848 3074 901 3127; x_wconf 92' lang='lat' dir='ltr'>est</span> <span class='ocrx_word' id='word_1_239' title='bbox 924 3084 969 3127; x_wconf 89' lang='lat' dir='ltr'>ex</span> <span class='ocrx_word' id='word_1_240' title='bbox 989 3063 1110 3126; x_wconf 90' lang='lat' dir='ltr'>Divina</span> <span class='ocrx_word' id='word_1_241' title='bbox 1129 3063 1265 3127; x_wconf 91' lang='lat' dir='ltr'>Domini</span> <span class='ocrx_word' id='word_1_242' title='bbox 1285 3063 1465 3127; x_wconf 88' lang='lat' dir='ltr'>Providen-</span> 
     </span>
     <span class='ocr_line' id='line_1_27' title="bbox 349 3156 1464 3241; baseline -0.002 -18"><span class='ocrx_word' id='word_1_243' title='bbox 349 3161 407 3231; x_wconf 83' lang='lat' dir='ltr'>tia,</span> <span class='ocrx_word' id='word_1_244' title='bbox 427 3158 504 3241; x_wconf 90' lang='lat' dir='ltr'>quia</span> <span class='ocrx_word' id='word_1_245' title='bbox 527 3158 559 3220; x_wconf 91' lang='lat' dir='ltr'>in</span> <span class='ocrx_word' id='word_1_246' title='bbox 583 3159 735 3221; x_wconf 88' lang='lat' dir='ltr'>externis</span> <span class='ocrx_word' id='word_1_247' title='bbox 758 3179 816 3221; x_wconf 92' lang='lat' dir='ltr'>seu</span> <span class='ocrx_word' id='word_1_248' title='bbox 839 3158 1032 3221; x_wconf 79' lang='lat' dir='ltr'>formalibus</span> <span class='ocrx_word' id='word_1_249' title='bbox 1054 3158 1163 3220; x_wconf 90' lang='lat' dir='ltr'>adhuc</span> <span class='ocrx_word' id='word_1_250' title='bbox 1183 3156 1367 3221; x_wconf 90' lang='lat' dir='ltr'>cohaerent</span> <span class='ocrx_word' id='word_1_251' title='bbox 1390 3176 1464 3221; x_wconf 88' lang='lat' dir='ltr'>cum</span> 
     </span>
     <span class='ocr_line' id='line_1_28' title="bbox 350 3250 1466 3334; baseline -0.003 -18"><span class='ocrx_word' id='word_1_252' title='bbox 350 3252 525 3334; x_wconf 88' lang='lat' dir='ltr'>Religioso</span> <span class='ocrx_word' id='word_1_253' title='bbox 541 3250 720 3317; x_wconf 89' lang='lat' dir='ltr'>Catholico</span> <span class='ocrx_word' id='word_1_254' title='bbox 733 3252 910 3329; x_wconf 91' lang='lat' dir='ltr'>Romano;</span> <span class='ocrx_word' id='word_1_255' title='bbox 934 3271 1106 3315; x_wconf 86' lang='lat' dir='ltr'>neverum</span> <span class='ocrx_word' id='word_1_256' title='bbox 1123 3260 1157 3315; x_wconf 92' lang='lat' dir='ltr'>et</span> <span class='ocrx_word' id='word_1_257' title='bbox 1173 3250 1292 3313; x_wconf 83' lang='lat' dir='ltr'>falsum</span> <span class='ocrx_word' id='word_1_258' title='bbox 1309 3253 1466 3315; x_wconf 92' lang='lat' dir='ltr'>commis·</span> 
     </span>
     <span class='ocr_line' id='line_1_29' title="bbox 349 3346 1466 3429; baseline -0.002 -18"><span class='ocrx_word' id='word_1_259' title='bbox 349 3358 499 3422; x_wconf 89' lang='lat' dir='ltr'>ceantur,</span> <span class='ocrx_word' id='word_1_260' title='bbox 520 3358 555 3411; x_wconf 90' lang='lat' dir='ltr'>et</span> <span class='ocrx_word' id='word_1_261' title='bbox 578 3349 656 3411; x_wconf 91' lang='lat' dir='ltr'>inde</span> <span class='ocrx_word' id='word_1_262' title='bbox 675 3346 815 3410; x_wconf 69' lang='lat' dir='ltr'>ludtatio</span> <span class='ocrx_word' id='word_1_263' title='bbox 833 3348 982 3421; x_wconf 88' lang='lat' dir='ltr'>interior,</span> <span class='ocrx_word' id='word_1_264' title='bbox 1002 3367 1088 3429; x_wconf 86' lang='lat' dir='ltr'>quae</span> <span class='ocrx_word' id='word_1_265' title='bbox 1110 3355 1162 3409; x_wconf 90' lang='lat' dir='ltr'>est</span> <span class='ocrx_word' id='word_1_266' title='bbox 1181 3346 1267 3408; x_wconf 90' lang='lat' dir='ltr'>sicut</span> <span class='ocrx_word' id='word_1_267' title='bbox 1285 3346 1466 3411; x_wconf 86' lang='lat' dir='ltr'>sermenta-</span> 
     </span>
     <span class='ocr_line' id='line_1_30' title="bbox 349 3442 948 3531; baseline -0.005 -26"><span class='ocrx_word' id='word_1_268' title='bbox 349 3444 397 3505; x_wconf 89' lang='lat' dir='ltr'>tio</span> <span class='ocrx_word' id='word_1_269' title='bbox 416 3462 501 3524; x_wconf 88' lang='lat' dir='ltr'>quae</span> <span class='ocrx_word' id='word_1_270' title='bbox 520 3443 644 3515; x_wconf 92' lang='lat' dir='ltr'>turbat,</span> <span class='ocrx_word' id='word_1_271' title='bbox 664 3442 845 3527; x_wconf 87' lang='lat' dir='ltr'>exoriatur.</span> <span class='ocrx_word' id='word_1_272' title='bbox 944 3525 948 3531; x_wconf 20' lang='lat'>⁸</span> 
     </span>
    </p>

    <p class='ocr_par' dir='ltr' id='par_1_3' title="bbox 297 3536 1493 4556">
     <span class='ocr_line' id='line_1_31' title="bbox 409 3536 1468 3620; baseline -0.002 -19"><span class='ocrx_word' id='word_1_273' title='bbox 409 3550 504 3620; x_wconf 74' lang='lat'>742.</span> <span class='ocrx_word' id='word_1_274' title='bbox 530 3548 615 3614; x_wconf 77' lang='lat' dir='ltr'>[Vm.</span> <span class='ocrx_word' id='word_1_275' title='bbox 631 3546 684 3613; x_wconf 63' lang='grc' dir='ltr'>η]</span> <span class='ocrx_word' id='word_1_276' title='bbox 710 3536 775 3599; x_wconf 72' lang='lat' dir='ltr'>“ili</span> <span class='ocrx_word' id='word_1_277' title='bbox 792 3557 883 3599; x_wconf 79' lang='lat' dir='ltr'>unum</span> <span class='ocrx_word' id='word_1_278' title='bbox 903 3537 1089 3601; x_wconf 69' lang='lat' dir='ltr'>sonnatium</span> <span class='ocrx_word' id='word_1_279' title='bbox 1110 3537 1231 3610; x_wconf 73' lang='lat' dir='ltr'>hadent,</span> <span class='ocrx_word' id='word_1_280' title='bbox 1253 3543 1288 3600; x_wconf 78' lang='lat' dir='ltr'>ot</span> <span class='ocrx_word' id='word_1_281' title='bbox 1302 3537 1468 3619; x_wconf 66' lang='lat' dir='ltr'>matiam</span> 
     </span>
     <span class='ocr_line' id='line_1_32' title="bbox 350 3626 1466 3709; baseline 0.001 -19"><span class='ocrx_word' id='word_1_282' title='bbox 350 3631 383 3690; x_wconf 81' lang='lat' dir='ltr'>ot</span> <span class='ocrx_word' id='word_1_283' title='bbox 392 3631 577 3708; x_wconf 76' lang='lat' dir='ltr'>potestatem</span> <span class='ocrx_word' id='word_1_284' title='bbox 590 3645 678 3690; x_wconf 77' lang='lat' dir='ltr'>tuum</span> <span class='ocrx_word' id='word_1_285' title='bbox 689 3626 814 3690; x_wconf 74' lang='lat' dir='ltr'>Bestiae</span> <span class='ocrx_word' id='word_1_286' title='bbox 829 3629 988 3701; x_wconf 77' lang='lat' dir='ltr'>tmdant,&#39;&#39;</span> <span class='ocrx_word' id='word_1_287' title='bbox 999 3626 1166 3709; x_wconf 84' lang='lat' dir='ltr'>significat</span> <span class='ocrx_word' id='word_1_288' title='bbox 1177 3626 1269 3709; x_wconf 83' lang='lat' dir='ltr'>quod</span> <span class='ocrx_word' id='word_1_289' title='bbox 1278 3627 1336 3690; x_wconf 81' lang='lat' dir='ltr'>illi</span> <span class='ocrx_word' id='word_1_290' title='bbox 1345 3629 1466 3691; x_wconf 84' lang='lat' dir='ltr'>unani-</span> 
     </span>
     <span class='ocr_line' id='line_1_33' title="bbox 350 3718 1467 3801; baseline 0.001 -19"><span class='ocrx_word' id='word_1_291' title='bbox 350 3718 448 3783; x_wconf 82' lang='lat' dir='ltr'>miter</span> <span class='ocrx_word' id='word_1_292' title='bbox 461 3728 651 3801; x_wconf 78' lang='lat' dir='ltr'>agnoscant,</span> <span class='ocrx_word' id='word_1_293' title='bbox 667 3720 757 3800; x_wconf 84' lang='lat' dir='ltr'>quod</span> <span class='ocrx_word' id='word_1_294' title='bbox 771 3719 915 3801; x_wconf 77' lang='lat' dir='ltr'>regimen</span> <span class='ocrx_word' id='word_1_295' title='bbox 933 3730 965 3783; x_wconf 82' lang='lat' dir='ltr'>et</span> <span class='ocrx_word' id='word_1_296' title='bbox 981 3718 1159 3782; x_wconf 66' lang='lat' dir='ltr'>domanium</span> <span class='ocrx_word' id='word_1_297' title='bbox 1174 3728 1275 3798; x_wconf 82' lang='lat' dir='ltr'>super</span> <span class='ocrx_word' id='word_1_298' title='bbox 1289 3719 1467 3783; x_wconf 83' lang='lat' dir='ltr'>Ecclesiam</span> 
     </span>
     <span class='ocr_line' id='line_1_34' title="bbox 351 3811 1466 3898; baseline 0.002 -23"><span class='ocrx_word' id='word_1_299' title='bbox 351 3814 441 3877; x_wconf 69' lang='lat' dir='ltr'>vitrice</span> <span class='ocrx_word' id='word_1_300' title='bbox 448 3814 495 3877; x_wconf 87' lang='lat' dir='ltr'>sit</span> <span class='ocrx_word' id='word_1_301' title='bbox 502 3822 565 3894; x_wconf 82' lang='lat' dir='ltr'>per</span> <span class='ocrx_word' id='word_1_302' title='bbox 582 3811 838 3897; x_wconf 69' lang='lat' dir='ltr'>Verbum—Per</span> <span class='ocrx_word' id='word_1_303' title='bbox 853 3820 871 3845; x_wconf 92' lang='lat'>“</span> <span class='ocrx_word' id='word_1_304' title='bbox 881 3833 980 3876; x_wconf 93' lang='lat' dir='ltr'>unam</span> <span class='ocrx_word' id='word_1_305' title='bbox 989 3814 1193 3876; x_wconf 89' lang='lat' dir='ltr'>sententiam</span> <span class='ocrx_word' id='word_1_306' title='bbox 1204 3812 1328 3876; x_wconf 90' lang='lat' dir='ltr'>habere</span> <span class='ocrx_word' id='word_1_307' title='bbox 1337 3814 1352 3838; x_wconf 92' lang='lat'><strong>”</strong></span> <span class='ocrx_word' id='word_1_308' title='bbox 1364 3816 1466 3898; x_wconf 86' lang='lat' dir='ltr'>signi·</span> 
     </span>
     <span class='ocr_line' id='line_1_35' title="bbox 350 3907 1466 3990; baseline 0.003 -20"><span class='ocrx_word' id='word_1_309' title='bbox 350 3907 468 3971; x_wconf 85' lang='lat' dir='ltr'>ficatur</span> <span class='ocrx_word' id='word_1_310' title='bbox 487 3910 688 3971; x_wconf 91' lang='lat' dir='ltr'>unanimiter</span> <span class='ocrx_word' id='word_1_311' title='bbox 705 3929 912 3990; x_wconf 85' lang='lat' dir='ltr'>agnoscere;</span> <span class='ocrx_word' id='word_1_312' title='bbox 942 3926 1001 3990; x_wconf 85' lang='lat' dir='ltr'>per</span> <span class='ocrx_word' id='word_1_313' title='bbox 1018 3909 1236 3990; x_wconf 88' lang='lat' dir='ltr'>“potentiam</span> <span class='ocrx_word' id='word_1_314' title='bbox 1260 3919 1295 3971; x_wconf 90' lang='lat' dir='ltr'>et</span> <span class='ocrx_word' id='word_1_315' title='bbox 1315 3918 1466 3990; x_wconf 91' lang='lat' dir='ltr'>potesta·</span> 
     </span>
     <span class='ocr_line' id='line_1_36' title="bbox 297 4001 1466 4084; baseline 0.002 -19"><span class='ocrx_word' id='word_1_316' title='bbox 297 4006 300 4013; x_wconf 90' lang='lat'>&#39;</span> <span class='ocrx_word' id='word_1_317' title='bbox 350 4012 419 4066; x_wconf 92' lang='lat' dir='ltr'>tem</span> <span class='ocrx_word' id='word_1_318' title='bbox 437 4002 572 4065; x_wconf 88' lang='lat' dir='ltr'>Bestiae</span> <span class='ocrx_word' id='word_1_319' title='bbox 589 4003 722 4083; x_wconf 87' lang='lat' dir='ltr'>tradere</span> <span class='ocrx_word' id='word_1_320' title='bbox 733 4002 747 4026; x_wconf 85' lang='lat'>&#39;’</span> <span class='ocrx_word' id='word_1_321' title='bbox 763 4001 971 4084; x_wconf 85' lang='lat' dir='ltr'>significatur</span> <span class='ocrx_word' id='word_1_322' title='bbox 989 4002 1139 4083; x_wconf 85' lang='lat' dir='ltr'>regimen</span> <span class='ocrx_word' id='word_1_323' title='bbox 1159 4012 1193 4065; x_wconf 88' lang='lat' dir='ltr'>et</span> <span class='ocrx_word' id='word_1_324' title='bbox 1213 4003 1396 4066; x_wconf 90' lang='lat' dir='ltr'>dominium</span> <span class='ocrx_word' id='word_1_325' title='bbox 1412 4024 1466 4067; x_wconf 93' lang='lat' dir='ltr'>su·</span> 
     </span>
     <span class='ocr_line' id='line_1_37' title="bbox 351 4095 1493 4179; baseline 0.005 -20"><span class='ocrx_word' id='word_1_326' title='bbox 351 4117 409 4179; x_wconf 90' lang='lat' dir='ltr'>per</span> <span class='ocrx_word' id='word_1_327' title='bbox 426 4096 614 4160; x_wconf 88' lang='lat' dir='ltr'>Ecclesiam</span> <span class='ocrx_word' id='word_1_328' title='bbox 631 4096 788 4159; x_wconf 88' lang='lat' dir='ltr'>addicare</span> <span class='ocrx_word' id='word_1_329' title='bbox 804 4095 940 4173; x_wconf 91' lang='lat' dir='ltr'>Verbo;</span> <span class='ocrx_word' id='word_1_330' title='bbox 964 4096 1055 4178; x_wconf 92' lang='lat' dir='ltr'>quod</span> <span class='ocrx_word' id='word_1_331' title='bbox 1073 4097 1117 4159; x_wconf 87' lang='lat' dir='ltr'>sit</span> <span class='ocrx_word' id='word_1_332' title='bbox 1136 4097 1285 4177; x_wconf 86' lang='lat' dir='ltr'>regimen</span> <span class='ocrx_word' id='word_1_333' title='bbox 1306 4107 1340 4159; x_wconf 89' lang='lat' dir='ltr'>et</span> <span class='ocrx_word' id='word_1_334' title='bbox 1360 4097 1466 4160; x_wconf 90' lang='lat' dir='ltr'>domi·</span> <span class='ocrx_word' id='word_1_335' title='bbox 1489 4159 1493 4165; x_wconf 87' lang='lat'><em>.</em></span> 
     </span>
     <span class='ocr_line' id='line_1_38' title="bbox 351 4188 1466 4275; baseline 0.001 -22"><span class='ocrx_word' id='word_1_336' title='bbox 351 4192 440 4254; x_wconf 91' lang='lat' dir='ltr'>nium</span> <span class='ocrx_word' id='word_1_337' title='bbox 459 4212 558 4273; x_wconf 90' lang='lat' dir='ltr'>super</span> <span class='ocrx_word' id='word_1_338' title='bbox 577 4190 777 4265; x_wconf 88' lang='lat' dir='ltr'>Ecclesiam,</span> <span class='ocrx_word' id='word_1_339' title='bbox 795 4202 846 4255; x_wconf 87' lang='lat' dir='ltr'>est</span> <span class='ocrx_word' id='word_1_340' title='bbox 863 4192 1020 4275; x_wconf 87' lang='lat' dir='ltr'>quoniam</span> <span class='ocrx_word' id='word_1_341' title='bbox 1037 4191 1079 4253; x_wconf 92' lang='lat' dir='ltr'>de</span> <span class='ocrx_word' id='word_1_342' title='bbox 1098 4190 1165 4264; x_wconf 90' lang='lat' dir='ltr'>illa,</span> <span class='ocrx_word' id='word_1_343' title='bbox 1182 4192 1259 4273; x_wconf 88' lang='lat' dir='ltr'>quia</span> <span class='ocrx_word' id='word_1_344' title='bbox 1278 4191 1321 4253; x_wconf 90' lang='lat' dir='ltr'>de</span> <span class='ocrx_word' id='word_1_345' title='bbox 1340 4188 1466 4266; x_wconf 93' lang='lat' dir='ltr'>Verbo,</span> 
     </span>
     <span class='ocr_line' id='line_1_39' title="bbox 350 4284 1468 4369; baseline 0 -21"><span class='ocrx_word' id='word_1_346' title='bbox 350 4287 471 4367; x_wconf 84' lang='lat' dir='ltr'>agitur.</span> <span class='ocrx_word' id='word_1_347' title='bbox 516 4284 572 4348; x_wconf 90' lang='lat' dir='ltr'>Ex</span> <span class='ocrx_word' id='word_1_348' title='bbox 592 4285 643 4348; x_wconf 92' lang='lat' dir='ltr'>his</span> <span class='ocrx_word' id='word_1_349' title='bbox 661 4297 768 4367; x_wconf 86' lang='lat' dir='ltr'>patet,</span> <span class='ocrx_word' id='word_1_350' title='bbox 788 4286 878 4369; x_wconf 90' lang='lat' dir='ltr'>quod</span> <span class='ocrx_word' id='word_1_351' title='bbox 902 4306 960 4368; x_wconf 89' lang='lat' dir='ltr'>per</span> <span class='ocrx_word' id='word_1_352' title='bbox 980 4286 1042 4349; x_wconf 90' lang='lat' dir='ltr'>“hi</span> <span class='ocrx_word' id='word_1_353' title='bbox 1061 4305 1161 4348; x_wconf 92' lang='lat' dir='ltr'>unam</span> <span class='ocrx_word' id='word_1_354' title='bbox 1181 4286 1386 4348; x_wconf 90' lang='lat' dir='ltr'>sententiam</span> <span class='ocrx_word' id='word_1_355' title='bbox 1410 4285 1468 4348; x_wconf 87' lang='lat' dir='ltr'>ha·</span> 
     </span>
     <span class='ocr_line' id='line_1_40' title="bbox 349 4379 1468 4464; baseline 0.001 -22"><span class='ocrx_word' id='word_1_356' title='bbox 349 4382 444 4452; x_wconf 91' lang='lat' dir='ltr'>bent,</span> <span class='ocrx_word' id='word_1_357' title='bbox 466 4388 501 4443; x_wconf 92' lang='lat' dir='ltr'>et</span> <span class='ocrx_word' id='word_1_358' title='bbox 524 4380 713 4462; x_wconf 92' lang='lat' dir='ltr'>potentiam</span> <span class='ocrx_word' id='word_1_359' title='bbox 737 4390 772 4443; x_wconf 90' lang='lat' dir='ltr'>et</span> <span class='ocrx_word' id='word_1_360' title='bbox 795 4390 1004 4464; x_wconf 89' lang='lat' dir='ltr'>potestatem</span> <span class='ocrx_word' id='word_1_361' title='bbox 1027 4399 1121 4443; x_wconf 89' lang='lat' dir='ltr'>suam</span> <span class='ocrx_word' id='word_1_362' title='bbox 1145 4379 1279 4443; x_wconf 91' lang='lat' dir='ltr'>Bestiae</span> <span class='ocrx_word' id='word_1_363' title='bbox 1303 4379 1468 4452; x_wconf 87' lang='lat' dir='ltr'>tradent,”</span> 
     </span>
     <span class='ocr_line' id='line_1_41' title="bbox 350 4472 1467 4556; baseline 0.002 -21"><span class='ocrx_word' id='word_1_364' title='bbox 350 4472 555 4555; x_wconf 83' lang='lat' dir='ltr'>significetur</span> <span class='ocrx_word' id='word_1_365' title='bbox 570 4474 660 4556; x_wconf 91' lang='lat' dir='ltr'>quod</span> <span class='ocrx_word' id='word_1_366' title='bbox 676 4473 722 4537; x_wconf 91' lang='lat' dir='ltr'>illi</span> <span class='ocrx_word' id='word_1_367' title='bbox 740 4476 941 4537; x_wconf 89' lang='lat' dir='ltr'>unanimiter</span> <span class='ocrx_word' id='word_1_368' title='bbox 955 4483 1144 4556; x_wconf 86' lang='lat' dir='ltr'>agnoscant</span> <span class='ocrx_word' id='word_1_369' title='bbox 1159 4474 1249 4556; x_wconf 91' lang='lat' dir='ltr'>quod</span> <span class='ocrx_word' id='word_1_370' title='bbox 1265 4475 1416 4555; x_wconf 89' lang='lat' dir='ltr'>regimen</span> <span class='ocrx_word' id='word_1_371' title='bbox 1433 4484 1467 4537; x_wconf 87' lang='lat' dir='ltr'>et</span> 
     </span>
    </p>
   </div>
   <div class='ocr_carea' id='block_1_3' title="bbox 349 4568 1467 4653">
    <p class='ocr_par' dir='ltr' id='par_1_4' title="bbox 349 4568 1467 4653">
     <span class='ocr_line' id='line_1_42' title="bbox 349 4568 1467 4653; baseline 0.001 -23"><span class='ocrx_word' id='word_1_372' title='bbox 349 4568 533 4631; x_wconf 89' lang='lat' dir='ltr'>dominium</span> <span class='ocrx_word' id='word_1_373' title='bbox 550 4589 648 4652; x_wconf 91' lang='lat' dir='ltr'>super</span> <span class='ocrx_word' id='word_1_374' title='bbox 663 4569 853 4633; x_wconf 90' lang='lat' dir='ltr'>Ecclesiam</span> <span class='ocrx_word' id='word_1_375' title='bbox 872 4571 968 4633; x_wconf 90' lang='lat' dir='ltr'>unice</span> <span class='ocrx_word' id='word_1_376' title='bbox 984 4570 1026 4632; x_wconf 87' lang='lat' dir='ltr'>sit</span> <span class='ocrx_word' id='word_1_377' title='bbox 1045 4588 1105 4653; x_wconf 80' lang='lat' dir='ltr'>pet</span> <span class='ocrx_word' id='word_1_378' title='bbox 1121 4568 1282 4633; x_wconf 89' lang='lat' dir='ltr'>Verbum.</span> <span class='ocrx_word' id='word_1_379' title='bbox 1327 4569 1467 4651; x_wconf 84' lang='lat' dir='ltr'>Agnos·</span> 
     </span>
    </p>
   </div>
   <div class='ocr_carea' id='block_1_4' title="bbox 0 0 1700 5396">
    <p class='ocr_par' dir='ltr' id='par_1_5' title="bbox 0 0 1700 5396">
     <span class='ocr_line' id='line_1_43' title="bbox 0 0 1700 5396; baseline 0 0"><span class='ocrx_word' id='word_1_380' title='bbox 0 0 1700 5396; x_wconf 95' lang='lat' dir='ltr'> </span> 
     </span>
    </p>
   </div>
  </div>
 </body>
</html>
