3384 5400
551 640 631 691 cua.
647 640 736 704 xxn,
752 639 856 691 vans.
873 638 1003 707 24.-u.
1018 642 1090 709 920.
1318 628 1380 709 827

261 810 435 875 habebunt
456 818 493 874 ut
516 808 653 874 luceant
672 829 786 873 coram
809 808 875 874 illis
898 810 953 892 qui
974 810 1009 874 in
1033 808 1132 873 Nova
1150 808 1288 872 Domini
1311 808 1380 873 Ec·

262 905 365 971 clesia
397 915 513 969 erunt:
548 925 608 987 per
640 902 820 968 “Gloriam
853 904 947 979 Dei‚”
977 925 1064 988 quae
1094 903 1242 967 illustrat
1273 902 1378 979 illam,

261 998 469 1082 significatur
499 998 657 1062 Divinum
687 997 817 1062 Verum
848 998 953 1062 Verbi
986 994 1032 1081 (n.
1055 996 1154 1080 629);
1188 1006 1223 1061 et
1254 998 1332 1082 quia
1360 1018 1381 1061 a

261 1092 410 1159 Domino
433 1103 486 1158 est
508 1093 690 1157 illustratio
713 1092 782 1168 illa,
802 1093 924 1157 dicitur
944 1097 1009 1157 “et
1032 1091 1187 1156 Lucerna
1209 1090 1280 1175 ejus
1303 1089 1380 1175 Ag·

261 1188 351 1251 nus.”
394 1186 524 1253 Similia
542 1208 628 1273 quae
650 1188 716 1265 hic,
736 1186 970 1271 significantur
992 1208 1051 1271 per
1073 1186 1157 1251 haec
1177 1186 1267 1269 apud
1289 1184 1379 1250 Esa-

257 1282 360 1365 jam:

311 1426 452 1477 “vocabis
463 1427 578 1478 calmem
589 1442 681 1478 muros
692 1438 762 1487 tuos,
776 1436 804 1477 et
820 1436 912 1491 portas
925 1436 984 1477 tuas
996 1426 1102 1477 laudem
1113 1441 1119 1485 ;
1137 1441 1192 1475 non
1204 1428 1254 1477 erit
1266 1426 1313 1476 tibi
1325 1441 1382 1475 am-

391 1493 460 1555 plius
472 1494 513 1542 sol
525 1494 553 1542 in
565 1494 651 1543 lucem
664 1494 788 1551 interdiu,
802 1503 829 1542 et
841 1493 868 1542 in
880 1492 1051 1555 splendorem
1064 1492 1128 1541 luna
1140 1507 1195 1540 non
1207 1492 1306 1541 lucebit
1318 1492 1381 1552 tibi;

390 1558 438 1607 sed
449 1560 500 1607 erit
516 1559 564 1607 tibi
581 1558 702 1623 Jehovah
716 1559 742 1608 in
760 1558 846 1607 lucem
858 1558 1031 1615 aeremitada
1046 1566 1073 1607 et
1092 1557 1164 1607 Deus
1177 1568 1237 1607 tuus
1255 1557 1282 1606 lu
1300 1558 1381 1607 decus

391 1630 482 1671 tuum:
502 1638 557 1673 non
569 1624 672 1674 occidet
688 1624 804 1687 amplius
821 1623 867 1673 Sol
884 1631 954 1681 tuus,
968 1633 995 1673 et
1013 1622 1089 1673 Luna
1100 1631 1147 1672 tua
1163 1638 1219 1672 non
1231 1622 1379 1685 colligetur.

391 1690 454 1751 quia
461 1688 588 1773 (Jehovah
599 1690 650 1738 erit
661 1690 709 1739 tibi
726 1689 754 1738 in
772 1688 870 1739 Lucem
883 1688 1064 1751 aeternitatis;
1082 1688 1196 1753 populus
1209 1697 1270 1738 tuus
1285 1702 1381 1739 omnes

388 1752 454 1814 iusti
487 1753 533 1817 (lu
549 1754 655 1816 18-21);

261 1915 320 1978 per
339 1894 477 1959 “solem
494 1905 531 1959 et
550 1894 688 1959 lunam”
705 1916 791 1979 quae
810 1915 879 1960 non
898 1894 1042 1979 amplius
1061 1894 1233 1970 lucebunt,
1253 1895 1381 1961 intelli·

261 1999 386 2071 guntur
408 2010 504 2054 amor
526 1992 575 2054 sui
602 2001 638 2055 et
661 1992 795 2073 propria
817 1990 1064 2072 intelligentia;
1099 2000 1134 2053 et
1161 2010 1221 2072 per
1245 1989 1381 2055 “solem

261 2094 297 2148 et
320 2084 453 2148 lunam”
475 2106 561 2168 quae
583 2104 653 2148 non
676 2085 820 2167 amplius
839 2085 1009 2160 occident,
1030 2084 1266 2165 intelliguntur
1286 2104 1381 2149 amor

261 2199 282 2242 a
300 2179 449 2244 Domino
467 2181 501 2243 in
521 2180 716 2255 Dominum,
733 2200 773 2243 ac
789 2178 1018 2261 intelligentia
1033 2189 1106 2243 tum
1122 2178 1205 2243 fides
1221 2178 1264 2243 ab
1281 2179 1380 2262 Ipso;

261 2284 296 2337 et
319 2295 379 2356 per
396 2275 486 2357 quod
507 2274 688 2355 “Jehovah
707 2276 771 2353 erit
793 2276 827 2338 in
849 2272 978 2339 Lucem
997 2274 1209 2337 aeternitatis
1220 2272 1235 2298 ”
1253 2272 1381 2354 signifi·

261 2379 358 2431 catur
383 2369 492 2433 simile
522 2368 612 2451 quod
643 2369 707 2445 hic,
736 2369 827 2451 quod
856 2368 1003 2433 “Gloria
1029 2366 1093 2431 Dei
1123 2365 1317 2443 illustrabit,
1345 2376 1381 2433 et

262 2461 416 2527 Lucerna
438 2462 508 2545 ejus
531 2463 682 2545 Agnus.”
727 2462 828 2545 Quod
853 2462 956 2527 “sol'’
979 2460 1146 2545 significet
1169 2480 1320 2525 amorem
1346 2463 1381 2525 in

262 2556 456 2633 Dominum,
488 2567 523 2622 et
556 2558 590 2621 in
623 2559 783 2639 opposito
815 2577 916 2621 sensu
949 2575 1100 2621 amorem
1133 2556 1193 2629 sui,
1227 2555 1382 2619 videatur

262 2672 360 2735 supra
377 2650 425 2734 (n.
444 2666 459 2734 5
464 2670 492 2733 3,
505 2651 583 2736 414)
597 2673 605 2731 ;
628 2662 664 2717 et
679 2650 918 2736 quod,“luna''
933 2649 1101 2735 significet
1117 2648 1380 2732 intelligentiam

263 2768 282 2810 a
297 2747 446 2811 Domino
461 2758 497 2812 et
512 2747 614 2812 tidem
630 2747 673 2810 ab
690 2747 770 2829 Ipso
787 2744 834 2829 (n.
853 2763 923 2828 332,
940 2763 1013 2826 413,
1029 2746 1108 2828 414)
1124 2767 1131 2823 ;
1155 2745 1234 2809 inde
1251 2745 1359 2809 “luna
1367 2745 1381 2769 '¹

261 2843 295 2905 in
317 2843 476 2924 opposito
496 2862 598 2906 sensu
621 2841 790 2924 significat
809 2841 978 2924 propriam
998 2840 1261 2922 intelligentiam
1284 2848 1320 2903 et
1343 2838 1381 2901 fi-

262 2937 339 3000 dem
358 2957 378 2999 a
396 2957 443 3000 se.
488 2936 657 3019 Quoniam
677 2957 737 3019 per
754 2935 890 3001 “solem
899 2934 914 2961 '’
930 2937 963 2998 in
982 2937 1140 3017 opposito
1157 2955 1258 2998 sensu
1276 2935 1381 3016 signi-

262 3030 380 3096 ficatur
402 3050 498 3095 amor
519 3033 579 3109 sui,
604 3041 639 3096 et
666 3051 725 3114 per
749 3030 916 3095 “lunam''
939 3032 1072 3114 propria
1094 3029 1323 3112 intelligentia
1345 3039 1381 3092 et

262 3125 344 3191 fides
362 3147 383 3190 a
401 3147 449 3202 se,
469 3125 547 3190 ideo

310 3275 485 3324 Abominatio
502 3273 552 3324 fuit
564 3274 676 3323 adorare
687 3274 722 3324 ad
739 3275 834 3332 solem,
848 3274 940 3323 lunam
952 3282 979 3323 et
990 3273 1082 3323 stellas
1095 3271 1134 3335 (ut
1151 3282 1275 3324 constare
1292 3280 1382 3337 potest

390 3340 461 3402 apud
476 3340 571 3404 Jerem,
582 3340 637 3390 viii.
651 3352 674 3398 1,
685 3352 716 3396 a:
734 3340 805 3402 apud
817 3339 909 3390 Erech.
921 3339 974 3389 viil.
989 3351 1027 3399 15,
1041 3340 1087 3400 163
1104 3339 1175 3403 apud
1188 3339 1262 3404 Zeph.
1273 3339 1289 3390 i.
1305 3339 1346 3401 5);

310 3404 345 3455 Et
356 3405 428 3469 quod
440 3405 478 3454 illi
490 3405 672 3467 lapidarentur
683 3404 786 3468 (θεαῖν.
797 3406 862 3456 xvii.
874 3417 898 3465 a,
910 3401 947 3470 3[,
963 3401 1009 3469 5]).

320 3561 423 3628 92⁰.
443 3557 528 3625 [Vm.
541 3555 597 3624 24]
620 3545 684 3609 “fr
699 3551 812 3628 pentes
826 3565 905 3629 queo
918 3547 1078 3609 solvuntur·
1097 3545 1127 3608 in
1146 3547 1216 3610 luce
1233 3546 1301 3629 ojus
1318 3567 1383 3609 um-

262 3636 441 3708 lulcbuntl'
462 3633 631 3716 significat
649 3636 740 3718 quod
753 3657 864 3699 omnes
889 3637 950 3719 qui
971 3636 1008 3700 in
1032 3636 1112 3700 bono
1135 3637 1228 3700 vitae
1249 3645 1328 3700 sunt
1350 3647 1384 3701 et

261 3729 398 3792 credunt
419 3728 454 3792 in
475 3727 664 3804 Dominum,
687 3728 738 3792 ibi
757 3728 870 3792 vivent
892 3728 1066 3792 secundum
1087 3728 1215 3792 Divina
1238 3750 1327 3804 vera.
1351 3739 1385 3793 et

262 3821 417 3886 ardebunt
441 3821 503 3886 illa
525 3821 616 3885 intus
638 3822 673 3884 in
698 3842 743 3898 se,
767 3823 853 3886 salut
873 3822 983 3886 oculus
1004 3822 1244 3906 obsidia-Per
1268 3828 1381 3905 “gen-

262 3917 337 3980 tes’'
359 3915 592 3998 significantur
614 3917 670 3999 qui
696 3917 730 3979 in
756 3917 847 3981 bono
873 3917 964 3981 vitae
990 3928 1080 3992 sunt,
1105 3927 1141 3982 et
1167 3939 1299 4001 quoque
1326 3919 1382 4000 qui

262 4013 295 4075 in
313 4012 405 4075 malo
423 4014 515 4076 vitae
535 4010 582 4093 (n.
600 4011 700 4094 483);
723 4013 777 4076 hic
796 4015 852 4095 qui
873 4013 905 4076 in
925 4012 1016 4076 bono
1035 4013 1125 4077 vitae
1144 4023 1233 4086 sunt,
1253 4022 1289 4078 et
1308 4033 1382 4077 cre·

262 4105 346 4169 dunt
369 4107 403 4169 in
427 4106 621 4181 Dominum,
642 4107 718 4188 quia
737 4106 869 4182 dicitur,
888 4112 1040 4188 “gentes
1063 4127 1149 4189 quae
1170 4106 1382 4171 salvantur:''

265 4202 325 4264 “in
362 4199 436 4264 luce
469 4199 665 4264 ambulare”
690 4200 860 4282 significat
892 4203 1005 4266 vivere
1038 4200 1224 4264 secundum
1258 4201 1382 4265 Divina

262 4315 351 4370 vera,
373 4305 410 4358 et
431 4295 545 4358 videre
568 4294 626 4359 illa
648 4296 739 4358 intus
762 4296 795 4359 in
819 4316 866 4369 se,
888 4297 975 4359 sicut
998 4294 1115 4359 oculus
1139 4292 1290 4375 objecta
1319 4296 1381 4359 ob·

261 4385 349 4469 jetta
375 4391 464 4453 enim
490 4389 580 4451 visus
607 4388 799 4471 spiritualis,
823 4391 879 4472 qui
904 4399 958 4453 est
985 4390 1152 4453 interioris
1176 4386 1380 4464 intellectus,

265 4494 341 4546 sunt
370 4504 451 4546 vera
480 4482 676 4565 spiritualia,
703 4505 790 4566 quae
820 4483 974 4547 similiter
1000 4484 1045 4547 ab
1069 4483 1145 4558 illis,
1174 4484 1228 4565 qui
1259 4484 1292 4546 in
1322 4481 1381 4546 illo

265 4574 438 4640 intellectu
467 4586 557 4655 sunt,
587 4577 755 4656 videntur,
786 4579 874 4642 sicut
906 4575 1039 4660 objedta
1068 4577 1234 4642 naturalia
1266 4595 1381 4642 coram
