3384 5400
517 659 1047 736 CAP.xvlt.,·vERs.4.-N.725.
1272 650 1334 736 625
1371 695 1375 700 ‚

208 833 372 917 Regnum
395 854 491 900 suum
517 833 680 900 Bestiae.”
732 833 828 899 Talia
854 856 920 900 non
949 843 1091 920 possunt
1115 835 1180 899 diei
1205 836 1268 900 nisi
1291 837 1335 900 de

207 929 339 994 Verb0.

270 1041 366 1111 724.
394 1030 413 1064 ⁸
421 1025 556 1089 Habente
570 1025 673 1109 cupita
685 1029 814 1108 septem,
829 1031 865 1089 ei
876 1044 994 1088 eomue
1007 1025 1152 1099 doeom,''
1163 1025 1332 1107 significat

206 1119 461 1201 neclegentiam
486 1139 529 1181 ex
558 1117 662 1182 Verbo
682 1119 851 1200 principib
873 1119 1036 1194 santiam,
1054 1128 1172 1199 postea
1194 1118 1332 1195 nullam,

205 1225 239 1278 et
262 1214 395 1278 tandem
417 1215 597 1288 insaniam,
621 1233 660 1277 ac
679 1214 863 1294 potentiam
884 1233 926 1275 ex
956 1211 1059 1276 Verbo
1080 1212 1226 1275 continue
1247 1213 1332 1276 mul-

206 1307 436 1390 tam-Quod
450 1315 469 1344 “
479 1307 603 1391 caput''
616 1307 783 1390 significet
799 1306 1063 1390 intelligentiam
1078 1317 1113 1370 'et
1131 1309 1333 1389 sapientiam

206 1423 286 1467 cum
302 1403 345 1466 de
363 1403 510 1466 Domino
525 1403 620 1466 etde
636 1401 762 1476 Verbo,
776 1412 811 1467 et
827 1403 860 1465 in
877 1403 1035 1484 opposito
1050 1419 1151 1465 sensu
1166 1402 1331 1466 insaniam

206 1508 243 1561 et
264 1497 455 1573 stultitiam,
474 1498 628 1561 videatur
645 1517 754 1579 supra,
772 1515 803 1558 n.
823 1498 892 1578 538,
912 1493 1011 1578 568¹¹¹;
1035 1497 1127 1579 quod
1145 1501 1308 1579 “septem
1316 1497 1331 1522 ’¹

207 1613 278 1656 non
298 1591 489 1676 significent
512 1603 655 1675 septem,
674 1592 734 1656 sed
757 1611 860 1656 omne
883 1591 975 1666 illud,
994 1601 1030 1655 et
1053 1591 1208 1655 dicantur
1230 1593 1273 1655 de
1295 1613 1331 1657 re

206 1683 338 1762 sansta,
359 1707 390 1750 n.
416 1703 463 1762 10,
484 1703 565 1769 391;
595 1688 685 1770 quod
710 1691 843 1750 “cornu
852 1686 867 1711 ”
889 1684 1055 1770 significet
1078 1687 1278 1767 potentiam,
1299 1709 1330 1751 n.

206 1797 282 1862 270,
296 1791 330 1845 et
343 1782 433 1864 quod
448 1785 601 1845 “cornua
613 1781 732 1844 decem
741 1779 756 1806 '¹
768 1771 959 1863 significent
974 1781 1163 1862 potentiam
1176 1781 1330 1858 multam,

207 1897 239 1940 n.
260 1891 340 1958 539;
364 1877 454 1959 quod
473 1895 532 1959 per
549 1877 689 1959 “capita
708 1886 840 1958 septem
849 1875 864 1900 ”
879 1873 1086 1958 significetur
1103 1873 1332 1957 intelligentia

206 1972 372 2054 principio
400 1967 528 2044 santia,
556 1977 677 2052 postea
706 1969 807 2045 nulla,
834 1979 871 2034 et
901 1970 1041 2032 tandem
1068 1970 1206 2046 insania,
1234 1979 1330 2052 patet

206 2086 227 2128 a
246 2085 332 2128 vers.
351 2083 381 2146 9,
406 2079 453 2140 10,
473 2065 569 2146 hujus
588 2065 718 2147 capitis,
735 2066 790 2127 ubi
812 2064 856 2127 ab
875 2063 1013 2145 Angelo
1032 2063 1152 2128 dicitur
1170 2067 1248 2147 quid
1271 2085 1332 2148 per

208 2163 228 2192 “
237 2161 351 2241 capita
363 2169 495 2241 septem
503 2159 519 2184 ”
531 2157 747 2240 significatur,
761 2159 934 2241 dequibus
949 2159 1042 2222 inira.
1087 2158 1143 2220 Ex
1156 2158 1208 2222 his
1221 2169 1329 2241 patet,

206 2255 300 2337 quod
330 2267 388 2336 per
416 2253 595 2318 “Bestiam
624 2253 808 2317 habentem
835 2255 947 2336 capita
976 2264 1109 2335 septem
1138 2262 1174 2316 et
1203 2268 1338 2331 cornua·

207 2350 329 2412 decem
338 2350 353 2374 ''
364 2348 570 2430 significetur
585 2347 811 2432 intelligentia
826 2369 872 2412 ex
888 2349 1006 2414 Verbo
1021 2350 1183 2432 principio
1199 2347 1328 2424 sanita,

207 2455 330 2526 postea
346 2444 448 2521 nulla,
465 2456 500 2509 et
517 2444 655 2509 tandem
672 2445 809 2519 insania,
826 2453 862 2509 et
880 2445 1035 2528 potentia
1053 2465 1098 2508 ex
1114 2443 1231 2508 Verbo
1246 2465 1329 2508 con·

207 2540 303 2603 tinue
322 2539 438 2604 multa.

269 2649 363 2721 725·-
394 2649 479 2717 [Vm.
492 2648 530 2717 4.]
555 2636 1330 2721 “filulioroireumlndutupurpumoteoeor'no,''

206 2729 376 2811 significat
392 2730 552 2794 Dr'ur'rtum
567 2730 694 2795 Bonum
711 2741 743 2795 et
756 2732 918 2794 Divinum
941 2730 1060 2796 Verum
1078 2730 1234 2806 caeleste,
1247 2754 1331 2814 quae

205 2833 288 2888 sunt
314 2823 420 2899 Verbi,
440 2826 534 2907 apud
548 2825 740 2889 illos-Per
759 2830 967 2908 “purpuram
975 2826 990 2850 ”
1008 2824 1215 2907 significatur
1233 2826 1328 2889 Divi·

207 2937 290 2983 num
310 2918 440 2983 Bonum
460 2920 618 2994 caeleste,
635 2930 671 2984 et
689 2938 748 3002 per
767 2921 971 2983 “coccinum
979 2920 994 2945 '’
1010 2919 1218 3001 significatur
1235 2920 1328 2983 Divi·

207 3032 290 3077 num
302 3013 430 3077 Verum
442 3014 600 3088 caeleste,
612 3014 654 3078 de
667 3014 785 3097 quibus
797 3015 966 3097 sequitur;
984 3014 1228 3078 “circumindui
1235 3014 1256 3091 -”,
1264 3013 1329 3077 illis

207 3107 377 3189 significat
392 3110 517 3172 circum
532 3106 608 3171 illos
623 3128 708 3181 esse,
725 3110 772 3173 ita
787 3110 877 3190 apud
897 3108 992 3185 illos;
1015 3108 1105 3191 quod
1124 3107 1182 3171 illa
1197 3110 1264 3171 sint
1283 3129 1329 3173 ex

207 3202 327 3265 Verbo
345 3204 432 3284 apud
452 3201 538 3277 illos,
554 3213 607 3266 est
623 3203 699 3285 quia
717 3222 776 3284 per
792 3202 973 3265 “Bestiam
992 3202 1215 3277 coccineam,'’
1229 3222 1330 3285 super

207 3318 276 3379 qua
302 3296 423 3362 Mulier
449 3298 601 3371 sedebat,
629 3296 837 3378 significatur
863 3296 1015 3363 Verbum
1041 3296 1088 3379 (n.
1111 3296 1210 3379 723):
1237 3298 1329 3379 quod

207 3391 370 3455 Divinum
394 3389 524 3453 Bonum
544 3401 578 3454 et
598 3390 724 3454 Verum
745 3392 851 3455 Verbi
869 3393 914 3454 sit
931 3392 1056 3455 circum
1074 3391 1151 3454 illos
1170 3392 1256 3453 sicut
1277 3392 1328 3453 in·

208 3486 420 3561 dumentum‚
433 3486 481 3549 ita
492 3486 581 3566 apud
594 3485 679 3559 illos,
694 3497 812 3550 notum
824 3496 878 3549 est
891 3506 897 3548 :
918 3486 1061 3549 adorant
1072 3486 1163 3547 enim
1177 3485 1329 3549 Verbum

207 3581 254 3645 ab
275 3590 375 3644 extra
402 3590 437 3645 et
460 3600 527 3645 non
550 3580 594 3643 ab
616 3581 722 3658 intra;
753 3590 946 3663 agnoscunt
967 3580 1061 3655 illud,
1085 3582 1162 3663 quia
1187 3580 1259 3661 agit
1286 3581 1329 3644 de

209 3676 368 3750 Domino,
395 3683 430 3737 et
458 3676 500 3738 de
530 3674 636 3756 Ipsius
666 3684 839 3757 potestate
868 3694 969 3757 super
997 3674 1136 3738 Caelum
1166 3683 1200 3737 et
1230 3694 1330 3756 super

209 3770 411 3844 Ecclesiam,
435 3788 534 3852 quam
558 3770 590 3831 in
613 3790 649 3833 se
672 3769 939 3847 transtulerunt;
962 3778 996 3833 et
1019 3770 1091 3851 agit
1114 3769 1156 3831 de
1179 3767 1329 3830 clavibus

208 3865 298 3927 datis
318 3863 428 3938 Petro,
444 3862 536 3943 cujus
554 3882 765 3927 successores
783 3884 820 3926 se
835 3864 953 3926 dicunt
968 3883 1063 3926 esse:
1087 3873 1122 3926 et
1138 3864 1216 3945 quia
1230 3882 1329 3945 super

208 3958 259 4020 his
277 3957 410 4020 duobus
431 3956 589 4020 fundatur
605 3976 721 4019 eorum
740 3956 910 4037 majestas,
930 3957 1080 4039 dignitas
1103 3967 1138 4020 et
1161 3966 1327 4039 potestas,

208 4072 253 4115 ex
270 4052 474 4114 necessitate
490 4047 706 4114 sanctitatem
723 4050 827 4114 Verbi
844 4062 1057 4133 agnoscunt;
1080 4051 1139 4114 sed
1155 4071 1259 4133 usque
1274 4062 1328 4114 est

208 4145 362 4209 Verbum
371 4144 436 4207 illis
447 4144 548 4208 modo
559 4146 643 4209 sicut
654 4144 772 4209 Vestis
782 4165 825 4208 ex
838 4151 859 4178 ‘⁶
868 4166 1013 4228 purpura
1022 4155 1058 4209 et
1068 4146 1207 4209 coccino
1217 4164 1329 4227 exque

208 4260 301 4315 auro,
315 4239 426 4321 lapide
442 4238 590 4320 pretioso
602 4250 637 4303 et
654 4239 872 4321 margaritis,”
884 4260 983 4323 super
996 4240 1175 4303 Meretrice
1188 4249 1328 4302 tenente

208 4332 366 4416 poculum
385 4352 520 4396 aureum
538 4334 572 4397 in
591 4353 692 4397 manu
710 4354 780 4409 sua,
806 4334 943 4416 plenum
962 4334 1269 4399 abominationibus
1292 4344 1328 4396 et

208 4427 420 4490 immunditie
432 4428 656 4491 scortationis.
701 4426 870 4509 Quoniam
883 4428 1005 4493 dicitur
1017 4434 1189 4511 “purpura
1200 4438 1236 4491 et
1248 4446 1326 4490 coc·

208 4519 350 4597 einum,’'
367 4530 404 4585 et
423 4520 499 4583 dein
519 4526 673 4597 “aurum,
690 4520 774 4605 lapis
797 4524 964 4604 pretiosus
983 4531 1019 4587 et
1042 4521 1273 4605 margaritae‚”
1292 4530 1327 4585 et

208 4636 267 4699 per
287 4620 494 4701 “purpuram
514 4622 549 4680 et
566 4614 766 4681 coccinum”
784 4616 991 4700 significatur
1014 4616 1171 4681 Divinum
1195 4615 1326 4680 Bonum
