3384 5400
356 709 417 792 568
674 717 923 770 nrocncrrms
945 717 1157 769 nsvsttrn.

415 890 517 955 662.
542 901 628 969 [Vm.
642 899 678 968 3·]
704 887 769 952 ‘fi
790 887 945 952 carebunt
964 886 1121 952 dorileum
1144 886 1237 952 luris
1259 885 1347 951 cerri
1366 886 1421 950 00ae
1444 891 1478 950 ot

354 979 510 1044 canticum
530 977 643 1060 ignif'
657 976 826 1059 significat
847 977 1085 1057 consessionem
1104 998 1148 1041 ex
1167 976 1345 1052 charitate,
1361 977 1412 1039 ita
1433 997 1476 1038 ex

353 1073 425 1136 uita
443 1070 617 1146 servendum
631 1079 809 1152 praecepta
823 1069 923 1150 Legis
941 1090 1024 1151 quae
1039 1069 1232 1152 Decologus,
1247 1079 1280 1131 et
1295 1090 1338 1130 ex
1345 1069 1420 1152 fide
1435 1069 1477 1131 de

352 1166 540 1230 Drbr'm'tate
561 1163 715 1228 Humani
732 1162 1023 1244 Domini-Quod
1048 1169 1198 1228 “canere
1219 1165 1389 1227 canticum
1412 1185 1474 1227 no·

353 1261 455 1328 vum”
474 1261 518 1324 sit
537 1257 690 1323 confiteri
712 1279 757 1322 ex
780 1258 906 1340 gaudio
928 1259 1039 1322 cordis
1057 1268 1092 1322 et
1113 1280 1157 1322 ex
1176 1256 1364 1334 affectione,
1383 1257 1474 1349 quod

354 1355 520 1419 Dominus
543 1352 641 1417 Solus
665 1353 708 1416 sit
732 1350 900 1426 Salvator,
921 1351 1132 1434 Redemptor
1150 1372 1189 1417 ac
1214 1352 1306 1416 Deus
1325 1351 1418 1416 Caeli
1438 1361 1474 1415 et

353 1449 490 1524 Terrae,
510 1449 663 1511 videatur
682 1467 781 1529 supra
801 1443 849 1528 (n.
869 1463 940 1527 279,
959 1446 996 1508 61
1002 1443 1085 1528 71¹¹);
1116 1445 1247 1510 sedhic
1267 1467 1334 1510 non
1354 1448 1475 1510 dicitur

356 1550 374 1576 “
384 1545 554 1608 canticum
568 1539 721 1614 novum,”
734 1542 794 1604 sed
808 1545 827 1572 “
836 1543 1005 1608 canticum
1018 1540 1123 1604 Mosis
1136 1541 1223 1604 servi
1238 1539 1302 1603 Dei
1314 1549 1349 1604 et
1365 1542 1473 1604 canti·

354 1657 431 1701 cum
441 1635 567 1718 Agni;”
583 1645 618 1698 et
628 1655 688 1716 per
699 1635 891 1697 “canticum
902 1632 1244 1716 Mosis”significatur
1253 1634 1419 1699 consessio
1428 1656 1474 1698 ex

354 1733 426 1796 vita
435 1730 619 1794 secundum
632 1739 814 1811 praecepta
827 1727 930 1810 Legis
940 1749 1026 1812 quae
1037 1728 1240 1810 Decalogus‚
1252 1730 1300 1792 ita
1310 1750 1354 1792 ex
1365 1730 1473 1793 chari-

355 1837 439 1902 tate,
456 1836 491 1889 et
510 1845 569 1907 per
589 1823 787 1887 “canticum
807 1822 930 1904 Agni,”
948 1822 1115 1887 consessio
1133 1844 1178 1886 ex
1197 1821 1262 1886 fide
1281 1823 1324 1886 de
1343 1824 1472 1886 Divini-

354 1931 428 1984 tate
461 1917 609 1982 Humani
644 1917 799 1995 Domini;
833 1937 893 1999 per
925 1916 1118 2000 “Agnum”
1150 1919 1238 1980 enim
1274 1918 1475 1999 intelligitur

355 2015 520 2080 Dominus
535 2011 646 2096 quoad
670 2010 829 2074 Divinum
855 2009 1049 2074 Humanum
1070 2009 1117 2094 (n.
1135 2011 1206 2094 269,
1223 2028 1295 2092 291,
1314 2013 1411 2096 595);
1438 2023 1474 2076 et

354 2131 414 2193 per
428 2115 446 2141 ‘⁴
457 2106 600 2172 Mosen”
616 2105 815 2187 intelligitur
831 2107 864 2168 in
881 2105 951 2168 lato
967 2127 1067 2168 sensu
1084 2107 1192 2170 omnis
1209 2105 1284 2170 Lex
1300 2108 1426 2190 scripta
1439 2109 1473 2171 in

353 2205 499 2288 quinque
522 2200 592 2283 ejus
616 2199 734 2274 Libris,
755 2211 789 2264 et
812 2202 845 2262 in
865 2197 983 2264 stritto
1005 2220 1106 2263 sensu
1129 2199 1204 2263 Lex
1225 2221 1311 2283 quae
1333 2213 1474 2266 vocatur

355 2298 570 2379 Decalogus;
595 2304 630 2359 et
654 2296 730 2378 quia
752 2294 835 2357 haec
859 2296 999 2359 inservit
1021 2295 1148 2358 homini
1171 2316 1231 2377 pro
1253 2296 1334 2369 vita,
1354 2296 1474 2360 dicitur

357 2394 554 2458 “canticum
574 2391 680 2454 Mosis
699 2389 785 2452 servi
804 2387 898 2463 Dei,”
915 2409 975 2471 per
994 2394 1153 2452 “servum
1163 2389 1178 2414 ”
1196 2391 1285 2452 enim
1304 2392 1336 2452 in
1356 2391 1473 2454 Verbo

354 2487 555 2568 intelligitur
578 2487 633 2568 qui
656 2485 795 2548 inservit
818 2492 853 2545 et
876 2484 967 2564 quod
990 2484 1127 2546 inservit
1153 2481 1199 2565 (n.
1224 2482 1311 2566 380),
1336 2485 1389 2548 hic
1413 2506 1473 2567 pro

353 2583 434 2645 vita.
480 2579 580 2662 Quod
604 2599 662 2661 per
683 2577 857 2641 “Mosen'’
879 2578 912 2640 in
937 2576 1008 2641 lato
1030 2598 1131 2640 sensu
1153 2577 1363 2660 intelligatur
1386 2578 1471 2653 Lex,

354 2685 407 2741 est
426 2675 502 2759 quia
521 2675 665 2757 quinque
688 2671 757 2755 ejus
781 2671 872 2736 Libri
894 2683 1059 2736 vocantur
1083 2671 1186 2736 “Lex
1199 2671 1225 2735 :”
1247 2673 1337 2755 quod
1360 2676 1475 2739 omnia

355 2778 546 2853 praecepta,
556 2768 680 2849 judicia
695 2778 730 2830 et
747 2776 878 2830 statuta
893 2787 952 2848 per
966 2787 1042 2831 eum
1058 2767 1139 2831 data
1154 2769 1187 2830 in
1203 2769 1348 2850 quinque
1364 2766 1473 2832 Libris

354 2864 423 2945 ejus
446 2864 600 2926 dicantur
620 2868 639 2894 ‘⁴
651 2860 755 2934 Lex,”
774 2861 928 2924 videatur
943 2882 1043 2943 supra
1068 2860 1114 2943 (n.
1132 2860 1232 2943 417);
1259 2863 1348 2947 quod
1372 2884 1473 2927 omne

314 3007 323 3023 .
354 2958 516 3039 scriptum
543 2959 576 3019 in
606 2955 671 3019 illis
691 2954 799 3018 Libris
826 2956 957 3019 dicatur
982 2956 1086 3018 “Lex
1117 2956 1251 3033 Mosis,”
1278 2966 1312 3021 et
1339 2978 1473 3041 quoque

355 3050 528 3126 “Moses’'
547 3061 703 3114 constare
722 3060 836 3131 potest
856 3070 900 3112 ex
921 3051 971 3114 his
990 3051 1092 3114 locis:

405 3208 572 3276 Philippusffl
580 3212 655 3270 dixit,
668 3212 773 3277 “Quem
783 3211 889 3274 scripsit
900 3211 991 3261 Moses
999 3213 1026 3261 in
1035 3212 1107 3275 Lege
1114 3222 1142 3262 et
1150 3212 1309 3276 Prophetae,
1320 3213 1473 3266 invenimus

478 3276 577 3393 {psum
587 3278 600 3297 ''
612 3278 688 3342 (Joh.
701 3280 717 3327 i.
727 3277 760 3337 46
774 3273 819 3341 [B.
831 3278 865 3325 A.
877 3272 949 3339 45]);

406 3346 423 3368 ‘⁸
432 3344 464 3393 ln
516 3359 549 3407 ge
563 3342 655 3393 Moses
669 3342 803 3407 praecepit
815 3343 884 3392 tales
896 3343 1013 3406 lapidare
1021 3342 1036 3362 ”
1048 3342 1123 3407 (Joh.
1135 3344 1190 3394 viii.
1203 3344 1243 3405 sl:

406 3412 423 3434 ¹¹
432 3408 537 3472 impleti
547 3418 610 3458 sunt
617 3408 674 3459 dies
683 3408 874 3471 purificationis
883 3424 976 3457 eorum
985 3410 1061 3471 juxta
1070 3408 1168 3472 Legem
1179 3410 1265 3459 Mosis
1272 3409 1287 3429 ”
1296 3410 1368 3473 (Luc.
1379 3412 1405 3462 ii.
1416 3411 1474 3474 22),
1533 3416 1544 3443 ⁰

406 3474 545 3538 “Oportet
556 3476 648 3525 omnia
660 3475 764 3537 impleri
781 3489 850 3538 quae
866 3475 966 3537 scripta
976 3484 1039 3524 sunt
1056 3474 1084 3523 in
1098 3474 1169 3538 Lege
1183 3474 1269 3526 Mosis
1284 3486 1314 3525 et
1331 3476 1474 3540 Prophetis

486 3540 519 3589 de
533 3538 600 3589 Me”
612 3540 685 3603 (Luc.
694 3540 765 3589 xxiv.
775 3551 815 3599 27,
825 3537 884 3601 44),

406 3608 423 3630 ‘⁴
432 3604 530 3655 Nonne
540 3604 631 3654 Moses
639 3604 794 3655 deditvobis
804 3604 918 3666 Legem:
938 3604 1030 3654 Moses
1039 3604 1112 3653 dedit
1121 3606 1349 3656 circumcisionem
1360 3620 1367 3666 ;
1378 3616 1473 3658 utnon

485 3672 605 3720 solvetur
617 3670 673 3720 Lex
687 3669 793 3720 Mosis”
806 3669 881 3734 (Joh.
892 3670 938 3719 vil.
952 3683 990 3733 19,
1002 3682 1043 3729 22,
1055 3670 1112 3732 23);

405 3736 479 3787 Dixit
489 3736 624 3786 Abraham
634 3736 709 3786 diviti
719 3737 745 3786 in
758 3734 877 3792 lnlerno,
890 3735 1026 3786 “Habent
1036 3736 1133 3786 Mosen
1141 3746 1168 3787 et
1178 3737 1334 3801 Prophetas,
1344 3738 1474 3789 audiunto

486 3800 562 3859 illos:
591 3802 614 3850 si
632 3816 686 3850 non
705 3800 802 3851 Mosen
820 3809 846 3849 et
865 3800 1014 3864 Prophetas
1031 3801 1150 3861 audiunt,
1171 3818 1220 3853 nec
1237 3804 1260 3853 si
1277 3804 1336 3867 quis
1353 3818 1387 3852 ex
1404 3820 1475 3855 mor·

486 3868 538 3915 tuis
550 3866 730 3925 resurrexerit,
741 3867 992 3928 persuadebuntur”
1005 3867 1079 3930 (Luc.
1089 3869 1143 3917 xvi.
1155 3880 1195 3931 τι),
1207 3870 1264 3930 31);

407 3934 424 3957 ⁸‘
433 3931 551 3983 Deduxit
559 3946 696 3994 supernos
706 3929 893 3981 maledicitoei
898 3933 1087 3995 iuramentum,
1095 3935 1167 3998 quod
1176 3936 1303 3997 scriptum
1312 3945 1353 3985 est
1365 3935 1392 3985 in
1402 3936 1474 4001 Lege

488 3996 573 4047 Mosis
583 3998 654 4047 servi
665 3998 730 4047 Dei:
749 3998 950 4060 sicutscripturn
963 3999 990 4049 in
1003 3998 1074 4061 Lege
1086 3998 1180 4058 Mosis,
1192 4015 1274 4049 omne
1287 3997 1387 4050 malum
1399 4004 1475 4051 venit

486 4078 566 4125 super
578 4061 650 4113 τοτ’*
661 4063 743 4124 (Dan.
755 4064 790 4111 ix.
804 4074 842 4122 11,
856 4059 941 4123 13l⁸¹);

406 4130 424 4152 ‘⁸
433 4128 599 4243 Memleqntote
613 4128 691 4259 Legi?
705 4128 791 4179 Mosis
801 4130 873 4177 servi
885 4129 950 4189 Mei,
960 4144 1041 4193 quam
1052 4131 1174 4193 praecepi
1186 4131 1224 4180 illi
1232 4130 1246 4151 '⁹
1257 4131 1384 4195 (Malaca.
1395 4133 1432 4183 iii.
1443 4146 1474 4182 τι

528 4196 581 4244 .Α.
593 4194 627 4243 iv.
688 4208 694 4253 ;

407 4258 425 4283 '⁸
433 4191 507 4309 Dixlt
518 4208 686 4324 jehovah4ad
699 4258 805 4317 Mosen,
820 4256 890 4310 Ecce
903 4258 961 4323 Ego
973 4262 1080 4310 veniam
1092 4261 1126 4311 ad
1143 4271 1170 4311 te
1188 4262 1215 4310 ln
1234 4264 1332 4312 nebula
1344 4265 1431 4321 nubis,
1445 4273 1475 4314 ut

487 4326 578 4375 audiat
595 4324 710 4387 populus
722 4327 829 4387 quando
841 4325 946 4376 locutus
958 4326 1034 4376 tuero
1046 4328 1080 4377 ad
1092 4338 1128 4387 te,
1139 4328 1273 4391 etiamque
1286 4330 1314 4378 in
1326 4340 1352 4379 te
1364 4331 1475 4379 credam

486 4390 517 4439 in
526 4399 664 4440 aeternum
672 4388 686 4408 ”
698 4389 791 4453 (Exod.
803 4391 856 4441 xix.
868 4392 903 4454 9).

356 4560 413 4625 Ex
436 4561 487 4624 his
510 4573 668 4625 constare
691 4571 817 4643 potest,
837 4565 927 4646 quod
951 4584 1009 4646 per
1029 4564 1204 4629 “Mosen”
1223 4568 1256 4629 in
1280 4565 1352 4630 lato
1374 4588 1474 4631 sensu

356 4655 565 4737 intelligatur
584 4655 735 4719 Verbum
755 4659 843 4739 quod
863 4658 983 4722 abillo
1001 4662 1162 4742 scriptum
1181 4672 1243 4737 est,
1264 4663 1354 4745 quod
1373 4684 1473 4727 voca·
