3384 5400
525 682 795 748 neocnwesls,
815 684 895 737 CAP.
916 686 993 737 xlx.
1262 688 1327 758 709

258 882 313 932 10.
349 856 397 931 Et
410 856 546 955 procidi
560 873 644 931 ante
657 857 772 955 pedes
785 858 864 955 ejus
877 858 1027 933 adorare
1042 858 1157 944 illum;
1185 876 1224 933 et
1237 859 1327 933 dixit

200 972 300 1055 mibi,
319 972 427 1056 Vide,
446 997 503 1057 ne,
521 997 718 1046 conservus
737 988 821 1066 tuus
838 998 930 1056 sum,
948 989 986 1046 et
1006 972 1154 1047 sratrum
1175 990 1322 1048 tuorum

200 1088 413 1161 habentium
430 1086 676 1160 testimonium
688 1087 796 1183 Jesu;
825 1088 950 1160 Deum
967 1087 1097 1173 adora,
1127 1114 1210 1163 nam
1224 1089 1323 1162 testi·

199 1202 366 1276 monium
381 1200 467 1298 Jesu
486 1216 543 1273 est
558 1200 702 1297 spiritus
720 1201 943 1298 prophetiae.

255 1350 311 1399 11.
347 1324 395 1399 Et
408 1325 480 1398 vidi
494 1324 646 1399 Caelum
664 1341 845 1422 apertum,
859 1342 898 1399 et
915 1352 1000 1400 ecce
1019 1325 1147 1424 Equus
1160 1326 1273 1411 albus,
1288 1344 1328 1401 et

201 1444 346 1518 Sedens
363 1469 473 1540 super
485 1442 544 1516 illo
558 1459 709 1517 vocatur
726 1442 861 1518 Fidelis
879 1460 917 1518 et
934 1444 1068 1528 Verus,
1082 1462 1120 1519 et
1137 1446 1173 1519 in
1187 1446 1325 1545 justitia

192 1558 333 1656 judicat
350 1574 388 1630 et
405 1574 552 1656 pugnat

255 1707 311 1755 12.
346 1682 394 1755 Et
415 1682 507 1756 oculi
522 1680 648 1778 lpsius
668 1698 844 1779 tanquam
866 1682 1014 1757 flamma
1035 1683 1139 1783 ignis,
1158 1700 1196 1758 et
1216 1709 1326 1781 super

198 1798 316 1895 capite
329 1796 446 1895 Ipsius
457 1796 661 1871 diademata
672 1796 802 1880 multa,
824 1796 964 1871 habens
978 1798 1127 1872 Nomen
1140 1800 1325 1895 scriptum,

198 1913 301 2009 quod
319 1935 430 1986 nemo
448 1910 549 1985 novit
568 1911 635 1985 nisi
655 1912 748 2009 lpse.

256 2056 310 2125 13.
346 2033 394 2106 Et
410 2031 691 2105 circumindutus
707 2031 927 2105 vestimento
945 2030 1061 2107 tindlo
1078 2032 1269 2131 sanguine,
1287 2049 1326 2107 et

199 2163 350 2221 vocatur
369 2147 516 2220 Nomen
537 2145 653 2242 Ipsius
671 2146 835 2220 Verbum
856 2147 940 2221 Dei.

255 2296 309 2364 14.
345 2272 393 2344 Et
423 2272 602 2345 exercitus
628 2271 690 2368 qui
721 2272 757 2345 in
786 2270 898 2346 Caelo
926 2273 1173 2369 sequebantur
1200 2274 1324 2371 Ipsum
1351 2286 1354 2293 ⁴

197 2412 310 2485 super
327 2387 431 2483 equis
448 2385 547 2469 albis,
566 2386 679 2459 induti
693 2386 844 2482 byssino
861 2386 945 2460 albo
962 2403 1000 2462 et
1017 2388 1164 2461 mundo.

256 2514 309 2585 15.
345 2511 394 2584 Et
418 2535 465 2585 ex
491 2536 555 2585 ore
583 2511 702 2608 Ipsius
726 2511 895 2607 prodibat
920 2512 1122 2610 romphaea
1146 2530 1262 2597 acuta,
1284 2529 1324 2586 ut

198 2625 384 2725 perillam
411 2626 588 2724 percutiat
611 2640 762 2724 gentes,
793 2642 832 2700 et
859 2626 942 2724 lpse
968 2642 1093 2725 pascet
1119 2627 1193 2702 illas
1220 2629 1323 2728 virga

197 2743 334 2825 ferrea3
378 2759 416 2816 et
440 2741 525 2838 lpse
545 2739 657 2816 calcat
676 2740 832 2814 torcular
852 2741 926 2816 uini
947 2741 1076 2817 furoris
1096 2759 1133 2818 et
1155 2743 1226 2855 irae
1250 2743 1322 2818 Dei

199 2857 485 2954 omnipotentis·

254 2982 308 3049 16.
344 2977 393 3049 Et
413 2976 523 3050 habet
539 3000 651 3071 super
667 2975 886 3049 vestimento
904 2991 941 3050 et
957 3002 1069 3074 super
1086 2976 1224 3052 semore
1243 2979 1321 3053 Suo

200 3091 349 3164 Nomen
366 3089 551 3188 scriptum,
571 3090 655 3163 Rex
672 3115 801 3188 regum
820 3107 858 3164 et
877 3091 1059 3164 Dominus
1075 3091 1320 3167 dominorum.

254 3235 309 3306 17,
345 3215 393 3288 Et
419 3214 493 3290 vidi
523 3241 638 3289 unum
668 3215 853 3314 Angelum
884 3231 1041 3290 stantem
1073 3217 1108 3290 in
1141 3217 1246 3301 Sole;
1284 3233 1322 3291 et

199 3329 366 3404 clamavit
379 3356 471 3404 voce
489 3355 632 3428 magna,
645 3330 771 3404 dicens
785 3330 954 3403 omnibus
971 3331 1100 3404 avibus
1113 3330 1320 3406 volantibus

199 3445 235 3517 in
262 3445 385 3519 medio
411 3443 535 3528 Caelo,
561 3444 694 3518 Venite
720 3462 757 3518 et
783 3445 1059 3544 congregamini
1085 3446 1132 3518 ad
1158 3446 1319 3521 Caenam

201 3560 324 3658 magni
343 3559 426 3633 Dei.

254 3683 309 3754 18.
347 3679 401 3754 Ut
414 3679 614 3755 comedatis
627 3705 754 3754 carnes
768 3705 908 3777 regum,
920 3696 958 3754 et
970 3705 1097 3754 carnes
1111 3681 1318 3756 chiliarcho-

200 3819 290 3878 rum,
305 3811 342 3868 et
359 3820 485 3869 carnes
498 3793 656 3878 sortium,
671 3809 708 3867 et
721 3818 848 3868 carnes
862 3818 1041 3890 equorum
1059 3811 1097 3869 et
1113 3797 1318 3869 sedentium

200 3934 311 4005 super
333 3907 410 3991 illis,
432 3923 471 3982 et
491 3933 622 3982 carnes
643 3907 808 3981 omnium
831 3907 1031 3982 liberorum
1053 3926 1091 3982 et
1114 3933 1319 3996 servorum,

201 4040 239 4097 et
256 4049 454 4120 parvorum
472 4038 511 4096 et
529 4047 759 4121 magnorum.
808 4091 812 4097 .

255 4171 309 4239 19.
345 4148 393 4221 Et
419 4148 493 4222 vidi
523 4148 696 4232 Bestiam,
722 4163 761 4222 et
787 4173 897 4246 reges
923 4164 1044 4223 terrae
1071 4165 1110 4224 et
1135 4150 1319 4223 exercitus
1358 4143 1362 4164 '

201 4288 329 4336 eorum
346 4278 596 4361 congregatos
616 4261 737 4337 facere
758 4261 895 4337 bellum
918 4289 1000 4338 cum
1024 4264 1188 4339 Sedente
1208 4289 1320 4362 super

202 4375 309 4474 Equo
327 4393 467 4450 etcum
484 4377 648 4451 exercitu
667 4376 798 4473 Ipsius.

254 4519 309 4571 20.
345 4497 393 4569 Et
409 4497 679 4593 comprehensa
695 4511 753 4570 est
771 4497 905 4581 Bestia,
920 4513 958 4572 et
975 4523 1057 4572 cum
1076 4497 1134 4572 illa
1153 4497 1317 4572 Pseudo-

193 4611 381 4710 propheta
389 4612 452 4709 qui
463 4609 660 4710 lecitsigna
670 4637 795 4687 coram
807 4611 876 4697 illa,
885 4613 1018 4710 quibus
1029 4613 1177 4688 seduxit
1187 4612 1317 4710 accipi·
