3384 5400
574 690 654 743 CAP.
670 691 1038 746 xv.-MEMORAB1LE.
1305 697 1366 766 579

242 863 442 940 centiarum,
469 863 623 928 videatur
649 883 748 946 supra
775 861 820 948 (n.
843 863 944 948 422);
981 875 1017 930 et
1043 865 1126 929 falsa
1152 868 1292 931 oriunda
1318 888 1363 931 ex

240 957 332 1022 fastu
353 959 506 1042 propriae
532 957 778 1039 intelligentiae
803 958 849 1042 (n.
872 959 971 1043 452):
1005 971 1180 1042 praeterea
1204 961 1364 1026 “fumus”

241 1051 410 1135 significat
429 1052 536 1116 simile
555 1073 631 1116 cum
652 1053 790 1116 “nube'’
809 1055 843 1118 in
862 1053 977 1118 multis
996 1054 1088 1119 locis.

303 1151 416 1234 6740.
444 1149 878 1232 “Etnemepoirriiinprodiiu
892 1150 1052 1231 Templum,
1063 1153 1161 1216 donee
1172 1172 1364 1215 eonsumma-

240 1245 352 1302 natur·
364 1245 480 1321 reptem
490 1241 604 1322 plegae
617 1246 733 1319 reptem
746 1237 964 1321 lupelorum,”
976 1240 1143 1322 significat
1155 1242 1192 1305 in
1203 1263 1239 1305 eo
1245 1243 1362 1323 gradu

240 1332 298 1408 ibi,
323 1342 361 1395 ut
385 1332 477 1395 ultra
502 1351 565 1394 non
591 1331 753 1394 sustineri
770 1341 895 1414 posset,
921 1343 954 1396 et
976 1333 1035 1396 hoc
1056 1354 1159 1415 usque
1183 1334 1262 1396 dum
1282 1343 1363 1416 post

240 1426 499 1491 devastationem
508 1424 595 1508 finis
611 1424 701 1488 illius
716 1423 882 1489 Ecclesiae
895 1427 1107 1491 uisus—Per
1122 1428 1213 1510 quod
1231 1433 1361 1492 “nemo

241 1532 356 1602 posset
390 1519 519 1602 ingredi
551 1521 585 1582 in
615 1519 1055 1603 Templum’'‚significatur
1083 1523 1173 1604 quod
1206 1523 1360 1586 intimum

241 1615 335 1679 Caeli
358 1614 495 1697 plenum
518 1624 609 1678 esset
632 1613 755 1677 Divino
778 1614 873 1678 Vero
896 1613 1066 1698 Spirituali
1089 1626 1123 1679 et
1148 1615 1306 1692 Caelesti,
1326 1617 1360 1680 in

239 1730 281 1773 eo
305 1710 410 1792 gradu
433 1719 469 1772 ut
492 1707 581 1772 ultra
604 1728 671 1772 non
694 1709 851 1773 sustineri
877 1720 1013 1792 posset;
1043 1731 1103 1792 per
1126 1715 1145 1742 “
1155 1710 1336 1793 Templum
1345 1711 1361 1736 '¹

239 1803 457 1887 significatur,
477 1804 530 1868 hic
549 1813 585 1866 ut
604 1822 714 1884 supra,
731 1804 886 1866 intimum
906 1803 999 1867 Caeli
1010 1826 1018 1882 ;
1043 1825 1101 1886 per
1121 1806 1258 1868 “donec
1277 1825 1360 1868 con·

239 1909 486 1962 summarentur
502 1907 634 1980 septem
652 1896 774 1979 plagae
790 1907 923 1980 septem
939 1897 1151 1979 Angelorum
1159 1898 1175 1922 ’⁹
1190 1897 1359 1981 signitica-

238 2003 293 2056 tur
310 1993 374 2056 hoc
394 2013 497 2076 usque
516 2001 594 2074 post
613 1991 885 2055 devastationem
901 1991 977 2054 finis
997 1992 1172 2056 Ecclesiae
1192 1991 1239 2074 (n.
1257 1992 1358 2074 658);
1442 2021 1448 2030 ·

239 2099 274 2152 et
301 2107 360 2170 per
381 2092 544 2169 “septem
570 2084 689 2170 plagas
713 2096 844 2168 septem
868 2086 1080 2169 Angelorum
1089 2087 1105 2111 '⁹
1127 2086 1359 2168 significantur

238 2183 329 2246 mala
350 2193 385 2247 et
408 2182 491 2246 falsa
513 2202 599 2266 quae
621 2183 803 2246 devastant
830 2181 1021 2245 Ecclesiam
1044 2193 1078 2246 et
1104 2181 1232 2246 faciunt
1255 2180 1358 2246 tinem

239 2276 309 2359 ejus
329 2275 377 2360 (n.
395 2276 485 2360 657).

237 2568 336 2650 ⁶7³·
367 2563 431 2629 His
446 2563 598 2646 adjiciam
614 2563 679 2629 hoc
696 2565 956 2628 Mauonntute
967 2583 1021 2626 :-

283 2708 357 2763 Visa
379 2716 426 2763 est
446 2706 592 2779 quaedam
618 2704 728 2761 Charta
751 2722 769 2761 a
820 2706 871 2778 qui
884 2706 951 2761 duri
969 2706 1061 2762 eorde
1073 2707 1172 2778 quoad
1190 2707 1357 2779 spiritualia

238 2788 370 2844 Domino
389 2805 441 2859 per
453 2787 575 2843 Caelum
590 2788 719 2841 demissa
738 2786 767 2841 in
821 2786 890 2841 fidei
910 2797 942 2841 et
959 2788 1120 2850 charitatis,
1133 2804 1170 2844 ex
1187 2804 1289 2843 amore
1301 2790 1356 2845 do·

237 2886 325 2924 unam
339 2870 513 2923 societatem
532 2883 569 2922 ex
588 2868 701 2939 Anglis,
715 2868 767 2923 sed
820 2868 904 2923 minii
923 2884 1013 2939 super
1027 2867 1136 2924 Sandis
1155 2868 1311 2932 Ecclesiae,
1324 2882 1357 2925 et

236 2962 299 3005 erat
320 2950 369 3005 illa
386 2950 513 3005 societas
534 2949 611 3003 inter
630 2948 768 3003 minimas
820 2949 1090 3019 supereminentiae
1100 2966 1153 3019 per
1163 2950 1213 3003 illa
1221 2946 1312 3004 eiiam
1324 2950 1354 3003 in

238 3030 363 3092 illorum,
376 3030 426 3084 ubi
444 3030 533 3085 etiam
548 3030 608 3084 duo
629 3028 767 3099 Episcopi
820 3029 958 3099 politicis,
970 3030 1000 3083 in
1013 3031 1128 3084 mundo
1137 3028 1207 3084 iacti
1220 3030 1355 3091 inerunt:

236 3122 333 3174 erant;
353 3112 382 3165 in
395 3127 454 3182 qua
466 3110 570 3164 charta
588 3108 644 3163 luit
662 3109 768 3164 exhor·
820 3126 912 3180 quare
933 3120 1001 3179 post
1019 3110 1140 3165 brevem
1159 3110 1354 3165 consultatio·

236 3192 319 3255 tatio,
338 3202 372 3246 ut
390 3198 585 3263 agnoscerent
605 3188 767 3244 Dominum
820 3206 889 3245 nem
903 3190 1021 3245 interse
1033 3191 1210 3246 remiserunt
1219 3192 1352 3247 chartam

236 3289 289 3343 pro
304 3272 369 3327 Deo
382 3270 462 3326 Caeli
476 3281 507 3325 et
520 3270 627 3325 Terrae
641 3272 687 3340 (ut
701 3268 767 3340 Ipse
819 3272 857 3325 ad
871 3269 995 3325 Caelum
1008 3272 1088 3325 unde
1100 3272 1192 3326 venit.

235 3354 346 3415 docuit,
355 3352 466 3407 Matre.
474 3351 573 3405 xxviii.
583 3350 636 3420 18);
649 3361 679 3405 et
686 3352 767 3421 quod
867 3350 936 3423 Quo
955 3349 1042 3414 latio,
1057 3362 1125 3421 post
1136 3352 1257 3422 aliquod
1273 3369 1353 3407 mur·

234 3436 407 3491 recederent
427 3450 446 3488 a
468 3430 611 3487 Dodlrina
632 3432 669 3486 de
695 3431 767 3485 Fide
820 3449 894 3494 mur,
914 3432 1047 3502 plerique
1069 3432 1148 3487 Laici
1170 3450 1353 3491 aconsensu

233 3516 415 3587 justificante
433 3514 496 3568 sine
511 3511 658 3583 Operibus
672 3512 767 3583 Legis,
820 3513 910 3583 priori
935 3530 990 3568 suo
1015 3524 1206 3577 recesserunt,
1228 3526 1260 3571 et
1280 3526 1353 3571 tunc

233 3596 303 3667 quia
321 3610 452 3651 erronea.
489 3592 601 3649 Charta
623 3592 672 3647 illa
691 3590 768 3647 leiia
821 3592 884 3647 Lux
897 3610 998 3649 eorum
1013 3594 1042 3647 in
1055 3594 1266 3665 spiritualibus,
1277 3613 1353 3667 quae

233 3676 290 3731 luit
308 3687 338 3731 et
356 3674 503 3745 exscripta
521 3690 538 3729 a
557 3673 665 3735 multis,
681 3683 712 3727 et
730 3674 767 3727 de
820 3674 901 3743 prius
910 3675 1107 3744 exsplenduit,
1115 3676 1215 3730 subito
1224 3677 1352 3731 exstinc-

234 3758 298 3819 illis,
309 3772 385 3828 quae
399 3756 428 3809 in
443 3772 478 3810 ea
489 3765 582 3817 erant,
595 3754 767 3825 cogitabant
818 3764 850 3808 ta
867 3765 928 3809 est:
949 3766 979 3810 et
998 3765 1156 3826 postquam
1176 3756 1282 3810 iterum
1300 3759 1352 3811 ad-

232 3849 264 3894 et
275 3837 476 3908 loquebantur
488 3852 525 3889 ex
542 3836 674 3889 interiori
687 3834 766 3905 judi·
818 3834 925 3889 moniti
939 3845 1031 3897 erant,
1044 3846 1076 3889 at
1094 3835 1210 3898 trustra,
1223 3837 1285 3890 vidi
1303 3854 1352 3892 so·

232 3920 280 3974 cio
292 3934 371 3981 sane,
384 3932 418 3972 ac
438 3916 660 3971 illustrabantur
670 3932 689 3970 a
705 3914 766 3969 Do-
817 3914 955 3970 cietatem
977 3915 1056 3970 illam
1073 3916 1285 3979 subsidentem,
1298 3919 1350 3973 sed

233 3999 323 4061 mino,
343 4009 373 4054 et
392 3996 550 4052 illustratio
569 3996 766 4067 recipiebatur
817 4011 908 4066 quarn
939 3996 1086 4066 profunde
1117 4013 1177 4052 non
1207 3997 1278 4059 vidi,
1311 3998 1352 4053 ita

233 4080 263 4134 in
274 4080 348 4142 luce,
358 4095 435 4150 quae
445 4078 552 4150 Anglis
563 4093 631 4148 prae
641 4077 765 4132 caeteris
817 4074 993 4131 subduilam
1007 4094 1023 4132 e
1041 4076 1203 4148 conspeiiu
1218 4078 1351 4149 Angelo-

231 4171 278 4215 est
291 4160 387 4215 insita
818 4174 891 4220 rum,
902 4158 952 4227 qui
965 4158 1052 4213 unice
1062 4159 1166 4213 colunt
1177 4158 1350 4222 Dominum,

281 4240 324 4295 At
342 4251 500 4311 postquam
519 4247 694 4309 receperunt
707 4237 763 4299 illa,
816 4248 848 4292 et
860 4239 954 4293 solam
969 4237 1072 4293 Fidem
1085 4248 1267 4293 aversantur.

231 4322 371 4377 dixerunt
402 4322 480 4375 inter
508 4336 548 4383 se,
575 4318 765 4374 “Audiamus
864 4318 923 4374 Sed
955 4331 1024 4389 post
1053 4320 1169 4390 aliquos
1198 4320 1263 4375 dies
1287 4319 1349 4375 vidi

233 4402 423 4474 Episcopos.''
815 4400 1011 4455 ascendentes
1020 4400 1165 4471 usquead
1178 4410 1298 4454 centum
1313 4417 1350 4455 ex

280 4482 318 4538 Et
325 4482 419 4539 auditi
430 4490 507 4543 sunt,
518 4480 570 4537 sed
578 4480 764 4535 contradixe·
817 4479 956 4535 interiore
975 4490 1059 4542 terra,
1073 4495 1135 4550 quo
1146 4496 1241 4551 usque
1260 4497 1351 4551 parva

230 4574 300 4619 runt
321 4574 352 4619 et
374 4564 630 4634 improbaverunt;
660 4577 763 4616 verum
817 4560 1002 4616 illasocietas
1012 4560 1147 4622 subsidit,
1157 4560 1209 4630 qui
1218 4576 1350 4617 accesse-

232 4645 272 4700 illi
285 4644 432 4716 Episcopi,
443 4644 494 4715 qui
508 4643 555 4708 ibi,
566 4653 651 4699 erant
660 4658 697 4697 ex
708 4642 764 4697 illis
816 4652 886 4697 runt
906 4641 945 4696 ad
967 4658 1029 4706 me3
1053 4650 1085 4697 et
1105 4657 1122 4697 e
1143 4641 1252 4713 quibus
1272 4658 1349 4699 unus
