3384 5400
345 635 410 702 560
665 650 913 702 Aeocnnresrs
936 649 1147 702 neustria

345 820 520 906 spirituali,
541 821 719 886 ubietiam
730 831 904 903 apparent
923 841 1004 885 aves
1022 821 1135 884 omnis
1150 820 1285 902 generis
1303 830 1340 884 et
1358 821 1469 886 omnis

346 917 481 1000 speciei,
505 918 539 981 in
563 915 669 980 Caelo
692 915 948 998 pulcherrimae,
967 916 1209 997 paradisiacae,
1227 924 1386 991 turtures,
1408 936 1468 979 co-

346 1013 492 1088 lumbae,
517 1013 550 1074 in
582 1011 718 1075 Inlerno
740 1011 917 1086 dracones,
942 1010 1065 1086 ululae,
1088 1011 1252 1085 bubones,
1275 1020 1312 1074 et
1342 1011 1468 1074 similes

345 1107 442 1182 aliae,
463 1127 549 1190 quae
572 1125 693 1176 omnes
715 1117 794 1169 sunt
817 1105 1148 1188 repraesentationes
1171 1103 1214 1167 ad
1236 1105 1351 1168 vivum
1372 1105 1467 1187 cogi·

346 1201 515 1265 tationum
538 1221 584 1265 ex
602 1195 835 1264 affectionibus
854 1199 952 1263 bonis
973 1199 1008 1262 in
1027 1198 1144 1275 Caelo,
1163 1208 1199 1263 et
1218 1199 1466 1282 cogitationum

345 1317 390 1359 ex
410 1293 642 1360 affectionibus
661 1294 759 1358 malis
777 1295 810 1357 in
831 1293 976 1358 inferno.

404 1387 502 1472 758.
527 1399 612 1467 [Vera
626 1399 665 1465 3·]
690 1395 709 1424 ¹
719 1385 793 1456 outa
810 1405 852 1449 or
868 1385 932 1448 rino
945 1385 1013 1448 irae
1033 1385 1231 1449 amantionis
1250 1385 1319 1469 rjus
1333 1385 1469 1449 litor-unt

346 1495 450 1539 omnm
460 1481 583 1559 ponor,
598 1479 632 1538 et
649 1493 744 1558 myos
758 1481 864 1538 term
879 1494 947 1537 oum
966 1474 1020 1536 ma
1033 1474 1168 1538 »conari
1176 1475 1284 1548 ruot,''
1299 1474 1464 1558 significat

344 1570 435 1651 quod
446 1567 759 1648 ursario-dogmata,
774 1577 951 1650 quae-sunt
962 1566 1221 1632 adulteratrimes
1231 1578 1264 1631 et
1273 1567 1466 1649 prophana·

345 1663 448 1728 tr'ones
467 1662 544 1726 boni
562 1671 596 1726 et
615 1663 691 1725 vm
713 1661 821 1739 Verbi,
836 1662 1050 1744 protulerint,
1069 1672 1103 1725 et
1122 1661 1193 1725 illis
1210 1673 1320 1726 omnes
1337 1663 1374 1726 in
1391 1682 1464 1744 reg·

345 1757 399 1821 nis
422 1757 483 1821 sub
506 1756 726 1820 dominatione
746 1777 858 1820 eorum
879 1766 975 1820 natos
1004 1767 1037 1820 et
1064 1757 1217 1821 educatos
1238 1757 1467 1820 imbuerint.-

346 1850 447 1934 Quod
470 1851 555 1915 haec
574 1872 634 1934 per
651 1851 710 1914 illa
728 1852 831 1915 verba
850 1850 1095 1934 significentur,
1112 1862 1270 1916 constare
1289 1861 1405 1934 potest
1422 1853 1464 1914 ab

346 1946 527 2030 explicatis
550 1966 650 2028 supra
675 1945 721 2027 (n.
744 1945 818 2025 631,
837 1945 911 2026 632,
936 1956 971 2011 et
995 1966 1026 2009 n.
1050 1960 1122 2026 720,
1142 1945 1231 2028 721),
1257 1946 1312 2009 ubi
1334 1946 1462 2020 similia,

345 2041 464 2126 qulbus
483 2038 578 2126 plura
597 2039 741 2121 adjicere
761 2059 829 2103 non
848 2060 933 2122 opus
952 2050 1004 2105 est
1017 2062 1024 2119 ;
1039 2039 1158 2104 ¹'solum
1176 2040 1270 2124 quod·
1286 2040 1407 2104 similia
1423 2041 1464 2105 de

346 2135 473 2201 Babele
492 2136 648 2199 dicantur
667 2136 755 2217 apud
774 2133 985 2209 Jeremz'am:

397 2286 414 2310 ‘¹
425 2283 502 2334 Calix
519 2285 576 2333 auri
596 2283 679 2332 Babel
696 2283 723 2333 in
742 2298 823 2332 manu
835 2281 963 2348 Jehovae,
977 2282 1114 2332 inebrians
1125 2283 1279 2333 universam
1298 2294 1413 2343 terram
1433 2284 1464 2334 de

476 2351 541 2400 vino
552 2348 611 2412 ejus
623 2349 747 2398 biberunt
758 2358 862 2412 gentes,
876 2348 1109 2416 ideoinsaoiupt”
1118 2349 1156 2412 (li.
1167 2350 1193 2412 7)
1204 2363 1211 2410 ;

346 2427 430 2493 turn,

397 2539 462 2592 “Sit
475 2537 557 2588 Babel
576 2537 603 2587 ln
621 2539 728 2609 sibilum
742 2553 747 2598 ;
759 2593 761 2598 ,
771 2549 829 2586 cum
844 2537 1010 2597 incaluerint,
1025 2551 1124 2602 ponam
1137 2537 1261 2588 convivia
1273 2553 1376 2599 eorum,
1389 2550 1416 2590 et
1427 2539 1465 2588 in·

476 2605 586 2653 ebriabo
603 2619 659 2662 eos,
671 2613 703 2652 ut
720 2605 849 2663 exultent,
863 2612 891 2653 et
907 2603 1043 2653 dormiant
1060 2611 1185 2653 somnum
1198 2604 1305 2664 saeculi,
1320 2621 1370 2655 nec
1387 2606 1465 2668 erigi·

476 2668 553 2721 lew
566 2669 603 2733 (li-
616 2665 684 2735 [sn]
698 2669 747 2733 39)-

346 2814 410 2878 Per
429 2800 601 2889 “vinum''
619 2812 710 2896 quod
732 2811 863 2888 bibunt,
877 2816 924 2876 'et
946 2834 1014 2896 quo
1036 2812 1253 2890 inebriantur,
1273 2814 1464 2897 significan·

346 2919 401 2973 tur
427 2908 593 2989 dogmata
622 2924 758 2983 eorum;
790 2928 879 2989 quae
906 2926 1021 2990 quarn·
1037 2906 1163 2973 nefaria
1192 2918 1283 2982 sont,-
1314 2910 1465 2973 videatur

347 3023 448 3087 supra
471 3001 518 3083 (n.
537 3000 634 3084 754):
668 3001 755 3064 inter
785 3001 843 3064 illa
866 3002 971 3065 etiam
1000 3011 1054 3065 est
1083 3001 1149 3066 hoc
1180 3002 1353 3079 nefarium,
1376 3004 1464 3086 quod

346 3116 460 3180 opera,
472 3116 558 3180 quae
567 3094 651 3159 fiunt
661 3092 1055 3159 secundumdoiirinalia
1066 3106 1193 3170 eorum,
1201 3096 1329 3160 iaciant
1336 3098 1463 3172 merita,

347 3190 605 3256 transcribendo
628 3191 785 3274 meritum
808 3198 843 3253 et
863 3189 1029 3271 justitiam
1052 3189 1190 3253 Domini
1216 3192 1249 3255 in
1275 3190 1335 3255 illa
1360 3194 1463 3256 etsie

347 3287 380 3350 in
403 3284 499 3363 illos;
537 3303 613 3348 curn
641 3295 757 3347 tamen
784 3304 887 3347 omne
912 3286 1089 3348 charitatis
1110 3295 1147 3347 et
1173 3306 1276 3349 omne
1296 3285 1385 3363 fidei,
1410 3309 1466 3351 seu

347 3380 594 3443 omnebonum
615 3390 785 3441 etverum
808 3386 862 3441 est
885 3398 905 3441 a
928 3377 1088 3455 Domino,
1109 3389 1144 3442 et
1162 3380 1252 3462 quod
1276 3389 1329 3444 est
1352 3402 1373 3443 a
1396 3375 1465 3444 Do·

347 3475 439 3537 mino
462 3484 579 3537 manet
607 3473 744 3537 Domini
770 3474 859 3555 apud
885 3474 1107 3555 recipientes;
1142 3494 1221 3537 narn
1247 3474 1338 3557 quod
1365 3486 1419 3540 est
1447 3496 1466 3538 a

347 3567 497 3631 Domino
528 3577 582 3631 est
616 3567 786 3642 Divinum,
817 3568 908 3650 quod
941 3576 1106 3650 nusquam
1138 3567 1208 3631 fieri
1236 3579 1357 3651 potest
1391 3590 1466 3653 pro·

347 3662 454 3745 prium
472 3662 628 3725 hominis.
674 3661 832 3726 Divinum
856 3672 972 3744 potest
995 3662 1084 3744 apud
1107 3662 1279 3726 hominem
1302 3684 1388 3739 esse,
1409 3664 1466 3727 sed

347 3776 416 3819 non
432 3756 465 3819 in
476 3755 546 3838 ejus
558 3757 702 3839 proprio,
715 3776 793 3819 narn
806 3757 976 3839 proprium
989 3758 1134 3819 hominis
1147 3776 1215 3820 non
1228 3768 1281 3821 est
1293 3758 1358 3821 nisi
1367 3777 1467 3841 quarn

347 3850 494 3927 malum;
517 3870 619 3932 quare
635 3852 691 3933 qui
711 3849 869 3914 Divinum
892 3851 1030 3914 addicat
1053 3852 1115 3913 sibi
1137 3861 1174 3914 ut
1198 3854 1379 3934 proprium,
1400 3872 1467 3916 non

348 3944 451 4008 modo
463 3954 667 4025 conspurcat
680 3944 762 4007 illud
775 3945 835 4008 sed
848 3945 951 4008 etiam
968 3946 1159 4029 prophanat
1172 3944 1264 4009 illud.
1309 3946 1467 4009 Divinum

346 4061 368 4101 a
381 4038 530 4102 Domino
542 4040 710 4121 exquisite
723 4049 898 4121 separatur
910 4060 931 4101 a
941 4041 1081 4123 proprio
1094 4039 1249 4116 hominis,
1263 4060 1303 4103 ac
1316 4040 1469 4103 elevatur

348 4153 448 4216 super
465 4132 509 4208 id,
527 4140 562 4195 et
582 4150 746 4215 nusquam
765 4133 1034 4215 ei'immergitur.
1080 4132 1146 4197 Sed
1163 4136 1240 4217 quia
1255 4154 1358 4197 omne
1374 4133 1467 4198 Divi·

348 4246 429 4291 num
442 4226 579 4291 Domini
595 4227 628 4289 in
645 4246 682 4289 se
698 4226 956 4302 transtulerunt,
969 4237 1005 4291 et
1024 4228 1071 4291 sic
1087 4230 1390 4311 appropriaverunt
1406 4229 1466 4292 sibi

347 4321 441 4397 illud,
455 4320 526 4384 fluit
545 4320 578 4383 id
594 4320 681 4385 sicut
696 4338 783 4403 aqua
799 4321 1015 4397 bituminosa,
1033 4322 1113 4385 dum
1129 4321 1225 4403 pluit,
1242 4343 1287 4385 ex
1302 4322 1398 4387 fonte
1413 4323 1467 4406 qui

348 4424 401 4479 est
420 4414 582 4479 bitumen.
627 4413 743 4478 Simile
766 4426 819 4479 est
840 4436 917 4479 cum
940 4415 999 4479 illo
1017 4415 1181 4499 dogmate
1200 4417 1290 4499 quod
1306 4415 1466 4497 justifica·

349 4509 398 4572 tio
416 4510 459 4572 sit
478 4508 577 4573 realis
596 4506 829 4585 sanctificatio,
849 4519 885 4574 et
903 4510 995 4593 quod
1013 4506 1121 4573 sancti
1138 4529 1256 4573 eorum
1274 4512 1341 4575 sint
1361 4508 1467 4575 santii

349 4604 446 4679 inse,
464 4622 540 4667 cum
560 4612 676 4667 tamen
693 4602 859 4669 Dominus
875 4603 967 4667 solus
982 4613 1035 4668 est
1052 4600 1197 4668 Sentius
1214 4602 1332 4691 (Apoc.
1348 4626 1406 4668 xv.
1443 4604 1465 4680 l.
