3384 5400
514 646 1080 717 caa.xv111.,vaas.23.—u.797.
1291 652 1351 720 701

237 827 293 880 tur
315 815 447 901 Sponsa
469 826 504 881 et
527 838 659 901 quoque
682 818 792 893 Uxor,
812 828 908 901 patet
931 840 975 883 ex
995 819 1130 884 Verbo:
1163 822 1253 903 quod
1276 822 1354 885 inde

237 912 282 974 sit
304 911 496 993 conjugium
519 912 677 988 caeleste,
701 912 792 995 quod
814 922 868 976 est
892 914 1083 994 conjunctio
1106 915 1244 979 boniet
1270 918 1352 989 veri,

234 1005 403 1069 videbitur
420 1008 453 1068 in
472 1005 645 1089 Opusculo
663 1008 706 1071 de
725 1006 900 1089 Conjugio.
945 1008 1042 1070 Nunc
1062 1010 1138 1091 quia
1161 1008 1352 1091 conjugium

235 1100 299 1163 hoc
323 1100 470 1163 caeleste
500 1100 538 1163 fit
568 1121 627 1182 per
656 1102 884 1183 receptionem
904 1100 1016 1165 Divini
1047 1102 1174 1166 Bonia
1204 1102 1353 1167 Domino

231 1194 266 1256 in
297 1193 428 1256 Divinis
451 1196 537 1258 veris
566 1194 724 1259 eVerbo
753 1195 797 1258 ab
825 1195 1016 1259 hominibus
1048 1196 1233 1272 Ecclesiae,
1258 1208 1352 1279 patet

233 1288 323 1371 quod
343 1309 411 1352 non
432 1287 543 1372 aliqua
561 1288 753 1370 conjunctio
771 1290 850 1353 boni
874 1300 907 1355 et
931 1292 1000 1355 veri
1023 1292 1066 1354 sit
1089 1292 1177 1373 apud
1201 1290 1276 1355 illos
1296 1294 1352 1374 qui

231 1384 265 1445 in
294 1382 469 1464 Religioso
490 1384 550 1448 illo
571 1405 616 1448 ex
639 1385 794 1448 doctrina
815 1395 851 1448 et
882 1386 961 1448 inde
981 1386 1053 1449 vita
1074 1396 1163 1461 sunt,
1188 1388 1265 1468 quia
1287 1387 1352 1449 illis

232 1476 326 1540 nulla
347 1487 401 1540 est
423 1497 499 1542 cum
522 1478 680 1553 Domino,
699 1479 758 1541 sed
782 1488 835 1542 est
854 1478 1046 1560 conjunctio
1065 1500 1140 1543 cum
1159 1481 1351 1544 hominibus
1370 1538 1374 1547 .

232 1572 316 1634 vivis
332 1584 367 1635 et
384 1575 543 1651 mortuis;
563 1584 599 1636 et
614 1573 697 1635 haec
711 1572 903 1653 conjunctio
916 1573 1004 1655 apud
1020 1572 1106 1649 illos,
1120 1575 1174 1656 qui
1190 1576 1224 1637 in
1237 1594 1351 1638 amore

232 1665 428 1729 dominandi
450 1687 496 1729 ex
518 1687 633 1730 amore
659 1667 708 1730 sui
734 1686 833 1749 super
856 1665 982 1730 Sancta
1009 1666 1130 1731 Divina
1154 1666 1289 1731 Domini
1316 1680 1350 1731 et

231 1779 331 1841 super
349 1759 543 1835 Dominum,
563 1770 616 1824 est
634 1760 720 1823 sicut
739 1780 815 1823 cum
834 1758 990 1835 Diabolo,
1009 1761 1075 1843 qui,
1095 1770 1131 1823 ut
1154 1762 1187 1823 in
1211 1782 1348 1843 praece·

232 1855 337 1917 dente
352 1853 494 1917 articulo
505 1855 632 1917 dictum
645 1865 709 1928 est,
722 1864 775 1918 est
788 1853 848 1923 ille
861 1852 970 1916 Amor
982 1876 990 1931 ;
1013 1863 1049 1917 et
1060 1855 1152 1918 adire
1169 1854 1349 1920 Diabolum

232 1959 268 2012 ut
284 1968 344 2030 per
357 1948 452 2011 illum
468 1949 621 2013 veniatur
634 1949 678 2012 ad
695 1947 815 2021 Deum,
829 1957 883 2011 est
899 1947 1110 2011 detestabile.
1157 1947 1258 2029 Quod
1274 1949 1348 2012 Do·

230 2044 341 2107 minus
363 2042 493 2106 dicatur
516 2040 666 2125 Sponsus
688 2050 724 2105 et
753 2040 908 2105 Ecclesia
930 2040 1072 2123 Sponsa,
1096 2050 1193 2124 patet
1222 2062 1266 2105 ex
1296 2044 1348 2107 his

230 2136 334 2201 locis:

282 2280 359 2345 “Qui
376 2280 457 2329 habet
474 2280 605 2344 Sponsam
624 2278 744 2341 Sponsus
762 2287 819 2335 est:
836 2277 937 2327 amicus
955 2286 1044 2327 autern
1063 2275 1186 2341 Sponsilss
1200 2279 1244 2343 qul
1255 2288 1309 2331 stat
1321 2292 1348 2331 et

361 2346 435 2395 audit
447 2346 548 2409 Ipsum,
561 2346 659 2408 gaudio
669 2345 768 2408 gaudet
779 2346 815 2395 ob
827 2358 923 2393 vocem
935 2344 1033 2407 Sponsi
1040 2343 1055 2364 '’
1066 2344 1190 2409 (Johmii.
1202 2347 1260 2410 ap);

230 2482 314 2546 haec
332 2482 504 2565 Johannes
523 2483 678 2567 Baptista
696 2485 739 2548 de
758 2483 915 2547 Domino.

280 2639 385 2707 “Jesus
393 2640 469 2700 dixit,
481 2640 615 2706 Quamdiu
624 2656 683 2690 cum
695 2641 746 2690 illis
755 2649 797 2689 est
808 2641 938 2704 Sponsus,
951 2656 1005 2690 non
1015 2650 1128 2704 possunt
1138 2641 1183 2690 filii
1194 2642 1345 2706 nuptiarum

358 2707 480 2769 jejunare
490 2722 496 2765 ;
507 2707 662 2757 venietdies
670 2708 776 2771 quando
783 2703 945 2756 aufereturul
952 2709 987 2756 ab
994 2709 1026 2757 iis
1034 2707 1163 2771 Sponsus,
1173 2716 1235 2757 tunc
1242 2709 1347 2772 jejuna-

359 2770 448 2821 bunt¹'
459 2771 566 2833 (Mareu.
579 2773 613 2822 ix.
627 2783 655 2832 15
667 2787 673 2826 :
691 2773 775 2822 Marc.
788 2773 814 2821 ii.
828 2785 866 2834 19,
878 2785 926 2830 ao;
944 2773 1005 2822 Luc.
1018 2788 1043 2822 v.
1056 2785 1095 2834 34,
1108 2773 1165 2834 35);

279 2836 366 2888 “Vidi
384 2837 485 2886 Urbem
498 2835 623 2886 Sandlam
637 2837 856 2900 Hierosolymam
870 2837 976 2886 Novam
989 2847 1107 2902 paratam
1126 2838 1194 2888 sicut
1210 2837 1344 2902 Sponsam

358 2915 481 2952 ornatam
492 2902 590 2952 Marito
597 2901 612 2922 ”
623 2902 709 2966 (Apoc.
718 2903 771 2952 xxi.
783 2903 825 2965 n);

270 2968 479 3046 Angelusdixit,
496 2967 590 3095 ‘iveni
607 2977 635 3018 et
648 2969 789 3018 ostendam
803 2968 851 3017 tibi
864 2967 995 3031 Sponsam
1009 2969 1082 3030 Agni
1101 2967 1219 3018 Uxorem
1228 2967 1242 2988 ’¹
1255 2966 1344 3034 (Aper.

358 3047 412 3083 xxi.
428 3049 452 3096 9,
475 3046 506 3081 ro
524 3047 530 3092 ;

279 3098 389 3148 “Venit
405 3108 512 3162 tempus
524 3099 677 3161 nuptiantrn
688 3098 771 3160 Auni,
783 3107 812 3148 et
825 3097 901 3147 Uxor
919 3095 993 3148 Illius
1011 3099 1115 3160 paravit
1132 3111 1170 3148 se.
1208 3098 1284 3148 Beati
1301 3100 1345 3162 qui

357 3165 393 3214 ad
404 3163 524 3214 Caenam
536 3165 690 3228 nuptiarum
698 3165 771 3227 Agni
783 3165 871 3214 vocati
883 3163 967 3214 sunt¹’
978 3163 1065 3228 (Apoc.
1076 3164 1130 3214 xix.
1144 3175 1167 3224 7,
1179 3163 1213 3226 9).

227 3238 290 3303 Per

278 3357 295 3378 ¹⁴
302 3354 464 3482 Sponsum,')’
473 3355 501 3404 in
511 3353 596 3418 Cujus
606 3367 746 3404 occursum
758 3354 899 3404 exiverunt
907 3353 999 3402 decem
1008 3352 1127 3415 virgines
1135 3351 1235 3410 (Marte
1244 3365 1305 3403 xxv.
1320 3365 1341 3412 1,

358 3432 381 3479 2,
392 3435 447 3484 seq.
462 3457 469 3479 ,

226 3567 329 3630 etiam
344 3563 543 3646 intelligitur
558 3565 732 3628 Dominus.
778 3563 834 3626 Ex
851 3564 902 3626 his
918 3571 1025 3644 patet,
1041 3562 1120 3644 quid
1136 3562 1342 3643 significatur

226 3681 286 3743 per
304 3665 452 3722 “vocem
471 3669 507 3723 et
525 3660 684 3741 gaudium
703 3658 825 3740 Sponsi
843 3669 879 3720 et
899 3655 1050 3739 Sponsae
1059 3657 1074 3682 ”
1092 3658 1125 3720 in
1145 3657 1196 3720 his
1215 3656 1316 3722 locis:

277 3817 518 3942 “Sicrngandium
533 3816 633 3940 )Sponsi
650 3831 730 3879 super
746 3815 861 3878 Sponsa,
881 3815 1007 3878 gaudebit
1025 3829 1105 3878 super
1122 3825 1148 3864 te
1167 3813 1240 3866 Deus
1258 3817 1344 3867 tuus”

391 3899 420 3931 sa
433 3919 439 3930 .
461 3896 505 3932 xn.
519 3895 532 3941 5
553 3896 559 3939 ;

276 3950 294 3971 ‘⁸
302 3900 437 3997 Exulmbit
448 3948 540 3996 anima
551 3961 611 3996 mee
623 3960 703 4008 super
715 3946 773 3995 Deo
786 3961 846 3995 meo
858 3961 864 4004 ;
882 3946 950 3996 sicut
962 3946 1083 4008 Sponsus
1094 3947 1210 4010 imponit
1221 3947 1339 4005 cidarim,

355 4023 383 4062 et
392 4013 460 4062 sicut
473 4013 577 4074 Sponsa
588 4027 618 4061 se
629 4023 708 4061 ornat
720 4013 792 4061 vasis
804 4013 860 4062 suis
869 4011 883 4032 ”
895 4013 977 4076 (Esaj.
992 4012 1037 4060 lxi.
1052 4011 1108 4074 10);

277 4077 398 4128 “Adhuc
409 4079 530 4127 audietur
546 4079 573 4126 in
592 4077 651 4126 loco
663 4078 714 4126 hoc
726 4093 779 4127 vox
790 4077 880 4139 gaudii
892 4087 919 4125 et
931 4092 985 4124 vox
999 4077 1122 4134 laetitiae,
1137 4091 1168 4125 ac
1179 4091 1233 4124 vox
1245 4075 1342 4139 Sponsi

355 4153 383 4193 et
394 4158 448 4192 vox
461 4143 591 4205 Sponsae,
601 4143 754 4202 dicentium,
766 4141 938 4193 confitemini
949 4140 1068 4207 Jehovae
1080 4141 1198 4192 zebaoth
1207 4140 1220 4160 ’¹
1233 4139 1339 4206 (Jerem.

357 4209 448 4259 mill.
461 4221 500 4266 ro,
513 4221 541 4257 11
563 4223 569 4266 ;

279 4273 390 4324 “Exeat
402 4273 523 4336 Sponsus
535 4209 554 4322 e)
563 4274 681 4323 thalamo
692 4288 751 4333 suo,
764 4281 791 4321 et
804 4273 910 4335 Sponsa
921 4289 936 4322 e
948 4273 1068 4322 conclavi
1080 4271 1152 4322 suo”
1163 4269 1237 4336 (Joel
1246 4271 1272 4320 ii.
1287 4272 1342 4329 16);

278 4337 418 4388 “Cessare
425 4339 519 4388 laciam
526 4353 561 4387 ex
567 4340 661 4401 plateis
670 4337 877 4402 Hierosolymae
885 4353 975 4387 vocem
983 4339 1072 4399 gaudii
1079 4347 1107 4386 et
1115 4351 1207 4386 vocem
1215 4336 1339 4392 laetitiae.

356 4419 451 4453 vocem
463 4403 561 4467 Sponsi
572 4415 601 4453 et
612 4418 705 4454 vocem
717 4403 861 4466 Sponsae”
873 4403 980 4468 (Jerem.
993 4404 1037 4452 vii.
1050 4415 1097 4463 343
1114 4417 1171 4464 cap.
1186 4398 1258 4452 xvil¹¹
1268 4405 1309 4464 pl:

277 4467 452 4531 “Abrogabo
468 4484 502 4518 ex
519 4471 551 4518 iis
569 4484 661 4518 vocem
679 4470 769 4531 gaudii
786 4479 814 4518 et
830 4484 924 4518 vocem
943 4469 1068 4526 laetitiae,
1088 4477 1115 4517 et
1131 4481 1226 4515 vocem
1244 4466 1341 4528 Sponsi

356 4545 383 4584 et
401 4549 495 4583 vocem
515 4533 643 4596 Sponsae,
663 4549 757 4584 vocem
779 4536 920 4590 molarum,
941 4543 968 4582 et
989 4535 1073 4582 lucem
1093 4532 1225 4590 lucernae,
1246 4542 1273 4580 et
1291 4532 1340 4580 erit

356 4609 415 4650 tota
426 4609 497 4649 terra
507 4600 535 4649 in
546 4599 742 4650 desolationem
753 4599 767 4620 ”
779 4614 796 4648 a
808 4599 882 4662 Rege
896 4599 1003 4648 Babelis
1014 4598 1122 4664 (Jmm.
1133 4612 1195 4648 xxv.
1211 4609 1249 4654 ro,
1263 4596 1310 4657 ιι).
