3384 5400
320 633 384 714 864
641 645 889 698 arocatvasrs
911 647 1123 698 navatam.

319 818 424 882 etiam
442 815 648 899 significetur
666 837 711 882 ex
731 813 865 880 deiestu
882 816 953 882 veri
969 816 1087 900 perite,
1106 826 1244 883 constat
1262 838 1307 882 ex
1325 817 1397 884 his:

370 963 388 985 ‘¹
397 960 528 1038 Exulabit·
539 962 651 1024 populus
666 959 743 1010 Meus
755 963 790 1010 ob
804 975 859 1010 non
871 961 1047 1024 agnitionem,
1061 961 1204 1012 multitudo
1215 961 1275 1024 ejus
1286 963 1358 1012 sicce
1364 959 1439 1012 stu*

371 1027 649 1142 '‘Stul‹tlt{;agtuititli{)rt;r
662 1093 785 1154 loquitur,
799 1101 826 1140 et
841 1107 888 1140 cor
899 1091 958 1154 ejus
970 1091 1033 1142 iacit
1051 1093 1226 1155 iniquitatem,
1240 1103 1268 1142 et
1286 1089 1332 1158 [ad
1344 1108 1439 1143 evacu-

449 1155 562 1234 andum]
583 1150 701 1236 apimam
724 1155 887 1222 [esurientia
907 1154 946 1222 et]
967 1169 1060 1220 potum
1081 1158 1201 1208 sitientis
1219 1159 1334 1209 delicere
1353 1159 1440 1210 iaeit''

369 1291 387 1314 ‘¹
398 1223 534 1352 Paripffls
543 1221 664 1352 {ffffl
671 1237 767 1352 {aquam
781 1298 949 1351 quaerentes,
962 1288 1011 1338 sed
1023 1303 1094 1348 non,
1119 1288 1212 1352 lingua
1222 1304 1315 1338 eorum
1328 1290 1377 1339 Siti
1394 1292 1439 1342 de·

449 1353 517 1412 licit:
537 1353 595 1416 Ego
606 1353 727 1418 Jehovah
740 1355 880 1403 exaudiam
891 1369 940 1403 eos
948 1353 962 1373 ”
974 1355 1058 1417 (Esaj.
1070 1355 1115 1403 xli.
1129 1355 1184 1416 17);

370 1423 387 1443 ¹·
396 1419 559 1470 Contendite
567 1433 630 1468 cum
644 1431 728 1468 marre
741 1431 838 1477 vestra,
853 1435 888 1468 ne
899 1433 996 1470 auem
1007 1435 1068 1470 eam
1080 1421 1189 1478 nudam,
1202 1429 1232 1470 et
1247 1420 1367 1472 ootidanr
1378 1435 1438 1472 eam

448 1499 496 1549 per
507 1485 584 1536 Sirim
593 1484 608 1508 '⁹
619 1485 725 1546 (Horeb.
737 1486 762 1535 ii.
777 1481 827 1550 [2,]
841 1485 884 1548 3);

317 1615 481 1679 “mater'’
499 1613 544 1678 ibi
562 1624 615 1678 est
634 1613 798 1678 Ecclesia.
899 1650 902 1654 >

368 1751 385 1772 ¹⁸
396 1747 463 1800 Eece
474 1748 533 1798 dies
544 1748 659 1806 venturi,
669 1749 769 1826 ‘quibus
782 1747 924 1796 immittam
934 1747 1033 1796 lamem
1045 1747 1078 1826 ¹in
1092 1757 1206 1807 terram:
1224 1764 1279 1798 non
1292 1749 1392 1800 tamem
1404 1751 1439 1800 ad

447 1813 1437 1946 attilltlitiliiitiitrti&titillitdtltltdi

315 2009 367 2074 At
380 2030 448 2073 non
461 2008 630 2076 defectum
642 2012 711 2074 veri
727 2010 851 2074 habere
867 2008 1075 2092 significatur
1087 2030 1146 2093 per
1161 2018 1180 2043 ¹⁴
1189 2032 1257 2075 non
1269 2013 1394 2090 sitire,”
1404 2016 1436 2077 in

315 2106 366 2169 his
379 2125 386 2168 :

366 2217 469 2284 “Jesus
486 2217 561 2304 dinit,
621 2219 637 2296 Ἰ
647 2217 713 2268 bibit
729 2233 762 2267 ex
780 2232 850 2282 aqua
866 2233 946 2282 quam
966 2217 1024 2282 Ego
1039 2219 1120 2278 dabo,
1140 2233 1195 2268 non
1214 2219 1290 2269 Sitiet
1307 2218 1335 2270 in
1352 2232 1438 2272 aeter·

364 2351 382 2374 ⁴·
389 2287 562 2464 ὲεειῗευὲῗὶίῑξι
569 2283 621 2413 §rhu
631 2297 726 2400 'evadit
728 2297 757 2398 ¹13
760 2285 823 2408 Ὣς
838 2364 894 2398 non
906 2349 983 2401 Sitiet
995 2363 1112 2428 unquam
1120 2349 1135 2369 ’'
1146 2349 1222 2414 (Jok.
1232 2351 1268 2402 vi.
1280 2351 1339 2413 353:

364 2417 383 2440 ⁴⁸
417 2418 516 2466 edemrt
527 2415 648 2480 Jehovah
661 2413 808 2480 jacobum,
834 2425 897 2464 tunc
911 2430 967 2464 non
985 2415 1089 2475 Sinent,
1103 2431 1187 2480 aquas
1204 2430 1219 2465 e
1238 2416 1318 2467 Petra
1329 2417 1437 2470 effluere

444 2481 523 2532 laciet
536 2480 610 2530 illis''
623 2481 706 2546 (Esaj.
719 2482 802 2530 xlviii.
815 2493 855 2540 ao,
868 2481 918 2544 21).
1171 2477 1177 2490 '

372 2636 471 2707 957.
496 2633 584 2701 [Vm.
599 2632 652 2700 18.]
679 2621 869 2686 “donativo
892 2621 972 2684 enim
999 2622 1082 2687 omni
1099 2622 1236 2686 audienti
1254 2623 1347 2686 nida
1362 2643 1437 2707 pn-

308 2714 432 2794 ptotr'aa
443 2712 524 2775 titre·
539 2712 640 2795 injur,
656 2713 693 2777 tl
708 2714 776 2795 quie
791 2713 951 2777 addiderit
962 2714 1005 2778 ad
1021 2714 1112 2787 heae,
1126 2716 1221 2777 addat
1239 2714 1322 2778 Bona
1342 2734 1437 2796 super

311 2804 394 2866 illum
404 2803 518 2885 plagas
531 2803 669 2883 corrpiet
689 2803 719 2865 in
740 2804 827 2866 lidan
840 2803 936 2876 hoo,”
950 2803 1118 2885 significat
1133 2805 1230 2887 quod,
1241 2805 1302 2886 qui
1321 2804 1436 2887 legunt

311 2908 343 2960 et
364 2896 471 2960 scium
492 2917 573 2959 vera
588 2896 757 2961 doctrinae
774 2896 873 2981 laeujm
893 2896 994 2959 Libri
1008 2918 1093 2959 nunc
1112 2920 1135 2964 a
1154 2898 1295 2961 Domana
1312 2899 1433 2981 aperti,

310 3002 343 3055 et
365 3012 466 3075 nsque
484 3000 666 3072 agnoscunt
688 2991 791 3054 alium
811 2992 918 3053 Deum
941 3012 1040 3073 quam
1063 2992 1253 3066 Dorm'nnm,
1275 3002 1307 3055 et
1329 2992 1434 3057 altam

305 3086 409 3170 fidem
432 3108 531 3168 quam
557 3086 592 3148 in
618 3086 744 3167 Ipsum,
769 3086 920 3149 addendo
942 3084 1077 3167 alt'qut'd
1093 3094 1159 3167 per
1178 3087 1269 3168 quod
1287 3086 1351 3150 duo
1374 3086 1434 3150 illa

310 3182 497 3255 destruant,
517 3202 580 3243 non
598 3180 732 3262 possint
749 3180 850 3244 aliter
867 3200 968 3262 quam
984 3180 1101 3261 perire
1120 3202 1163 3244 ex
1175 3181 1285 3260 salsis
1307 3191 1340 3244 et
1361 3202 1433 3245 ma-

311 3276 365 3351 lis,
378 3296 462 3358 quae
474 3286 539 3357 per
550 3276 677 3357 plagas
696 3276 731 3338 in
749 3276 808 3339 ltoc
825 3274 928 3340 Libro
946 3275 1133 3356 descriptas
1148 3274 1435 3359 significandum*-

311 3371 374 3434 Per
405 3372 548 3435 “audire
581 3371 684 3434 verba
717 3370 916 3455 prophetiae
950 3370 1048 3435 Libri·
1076 3370 1199 3451 hujus”.
1225 3369 1434 3451 significatur

311 3465 425 3546 legere
448 3476 483 3529 et
507 3466 591 3530 scire
609 3487 688 3529 vera
707 3464 883 3529 doctrinae
898 3464 1107 3547 hujusLibri
1130 3485 1218 3529 nunc
1241 3486 1263 3529 a
1285 3464 1433 3530 Domino

311 3562 430 3642 aperti,
457 3561 612 3623 videatur
642 3580 741 3642 supra
772 3560 819 3641 (n.
846 3558 946 3641 944);
981 3580 1040 3643 per
1067 3560 1221 3623 “addere
1251 3559 1293 3621 ad
1324 3558 1434 3623 haec”

311 3653 519 3736 significatur
537 3655 695 3718 addendo
718 3654 842 3737 aliquid
866 3675 925 3745 per
946 3653 1037 3737 quod
1061 3654 1238 3718 destruant
1261 3652 1319 3715 illa
1341 3674 1431 3726 vera,

311 3758 347 3811 ut
364 3750 533 3832 sequitur;
558 3769 617 3831 per
633 3748 781 3831 “plagas
797 3751 941 3831 scriptas
959 3749 993 3811 in
1012 3748 1117 3811 Libro
1132 3748 1197 3811 hoc
1207 3746 1223 3771 ”
1238 3746 1432 3828 significan·

310 3854 365 3908 tur
382 3842 466 3907 salsa
484 3855 519 3908 et
536 3842 636 3919 mala,
656 3862 741 3926 quae
761 3862 820 3927 per
839 3844 957 3925 plagas
979 3842 1012 3907 in
1036 3843 1101 3907 hoc
1121 3842 1225 3905 Libro
1244 3843 1433 3923 descriptas

310 3937 542 4019 significantur
567 3937 624 4020 (de
646 3940 765 4022 quibus
788 3939 821 4000 in
845 3958 917 4020 cap.
939 3957 997 3999 xv.
1016 3947 1052 4000 et
1075 3936 1183 4019 xvi.);
1215 3937 1304 4019 quod
1330 3936 1431 4017 “pia·
1517 3944 1521 3953 '

309 4032 398 4113 gae”
416 4032 607 4114 significent
630 4032 715 4097 salsa
737 4043 771 4096 et
795 4033 895 4107 mala,
915 4052 1002 4115 quae
1024 4041 1102 4095 sunt
1126 4031 1264 4113 illisqui
1286 4030 1432 4093 adorant

310 4127 476 4191 Draconis
506 4127 656 4191 Bestiam
682 4138 717 4191 et
746 4128 1091 4209 Pseudoprophetam,
1119 4127 1274 4189 videatur
1300 4144 1332 4187 n.
1355 4124 1430 4206 456,

307 4220 381 4301 657,
399 4221 473 4303 673,
492 4222 564 4303 676,
584 4222 657 4303 677,
676 4222 748 4301 683,
772 4222 846 4303 690,
869 4222 943 4303 691,
966 4220 1039 4303 699,
1063 4222 1135 4301 708,
1157 4222 1240 4300 7¹83
1265 4219 1431 4281 Draconis

310 4315 426 4379 Bestia
452 4326 486 4379 et
515 4316 813 4398 Pseudopropheta
836 4327 915 4380 sunt
942 4316 998 4399 qui
1024 4315 1131 4378 solam
1160 4314 1279 4376 Fidem
1303 4313 1429 4395 absque

309 4410 405 4473 bonis
424 4408 591 4492 Operibus
607 4410 790 4474 salvificam
810 4410 947 4474 iaciunt.
991 4408 1078 4474 Sunt
1097 4410 1165 4471 duo
1186 4410 1225 4472 in·
1240 4409 1305 4472 hoc
1325 4406 1430 4473 Libro

308 4505 518 4586 prophetico,
541 4506 584 4567 ad
611 4526 697 4587 quae
721 4507 834 4568 omnia
855 4504 925 4585 ejus
948 4526 985 4569 se
1008 4505 1175 4581 referunt;
1209 4504 1352 4585 primum
1375 4510 1428 4566 est

308 4599 399 4681 quod
425 4618 493 4661 non
515 4599 598 4663 alius
622 4600 715 4663 Deus
738 4600 975 4682 agnoscendus
997 4600 1041 4663 sit
1067 4617 1168 4681 quam
1191 4596 1368 4672 Dominus,
1391 4606 1427 4661 et
