3384 5400
321 636 391 714 780

319 822 410 878 etiam
423 821 502 879 auto
514 821 554 877 sit
567 820 618 875 iiia
630 818 719 882 fides:
737 829 768 873 et
781 819 855 873 haec

319 903 395 958 fides
406 913 452 957 est
462 902 614 957 meritoria
632 900 703 971 quia
711 900 777 970 ejus
786 900 856 953 cha·

321 984 392 1038 ritas
405 993 452 1039 est
465 982 606 1037 naturalis
618 991 650 1036 et
662 996 723 1035 non
736 980 857 1051 spiritu·

319 1066 389 1127 alis;
410 1064 496 1118 aliter
513 1062 588 1117 fides
606 1061 767 1123 charitatis,
786 1060 857 1131 quia

319 1145 447 1199 charitas
461 1160 522 1198 non
535 1144 601 1197 vuit
614 1142 728 1204 mereri,
741 1152 774 1196 et
786 1142 856 1196 inde

319 1242 375 1281 nec
388 1227 453 1296 ejus
465 1223 567 1279 fides.”

357 1306 414 1361 His
439 1306 550 1361 auditis
580 1306 720 1360 dixerunt
750 1304 857 1358 seden-

317 1398 365 1442 tes
374 1387 430 1441 sub
442 1379 534 1449 lauru,
544 1384 858 1455 “Comprehendimus

318 1468 400 1537 quod
413 1468 493 1537 juste
505 1467 623 1522 locutus
634 1466 683 1527 sis.
697 1466 750 1520 sed
762 1482 857 1536 usque

320 1564 380 1602 non
393 1546 702 1617 comprehendimus.”

355 1627 472 1700 Quibus
505 1627 655 1698 respondi,
686 1634 702 1655 ‘¹
713 1624 858 1696 Compre-

320 1708 452 1763 henditis
463 1707 546 1778 quod
564 1708 645 1778 juste
662 1708 782 1763 locutus
800 1706 856 1761 sim

320 1804 357 1844 ex
364 1789 517 1843 communi
528 1788 719 1858 perceptione
727 1803 803 1858 quae
811 1799 858 1843 est

321 1869 436 1923 homini
454 1885 492 1923 ex
511 1868 623 1923 influxu
643 1868 718 1923 lucis
736 1866 858 1923 eCaelo

319 1965 389 2003 cum
401 1948 523 2019 aliquod
533 1964 636 2003 verum
650 1948 742 2009 audit,
752 1958 784 2002 at
795 1962 857 2001 non

319 2028 575 2099 comprehenditis
593 2044 631 2083 ex
650 2028 770 2099 propria
792 2044 858 2097 per-

319 2110 457 2181 ceptione
470 2126 547 2180 quae
565 2120 611 2165 est
629 2108 744 2163 homini
763 2124 800 2163 ex
814 2109 857 2163 in·

319 2190 401 2243 fluxu
411 2191 513 2245 lucise
526 2190 649 2245 mundo.
687 2188 780 2243 Binae
791 2189 858 2243 illae

321 2272 536 2341 perceptiones,
559 2285 668 2340 nempe
691 2271 807 2325 interna
827 2279 858 2325 et

319 2362 449 2413 externa,
459 2368 511 2405 seu
521 2350 684 2421 spiritualis
695 2361 727 2405 et
739 2362 858 2405 natura·

320 2432 364 2495 lis,
374 2447 465 2487 unam
478 2431 591 2486 iaciunt
600 2432 679 2501 apud
693 2432 858 2501 sapientes;

318 2528 375 2569 vos
394 2528 516 2583 quoque
536 2512 662 2583 potestis
682 2512 747 2567 illas
767 2528 856 2566 unam

320 2594 424 2655 iacere,
437 2593 462 2647 si
475 2591 617 2662 spellatis
634 2593 672 2647 ad
694 2591 857 2648 Dominum

320 2684 351 2730 et
363 2673 524 2729 removetis
537 2672 641 2728 mala”

357 2754 441 2810 Haec
453 2755 523 2825 quia
534 2754 625 2808 etiam
639 2754 858 2818 intellexerunt,

320 2834 473 2905 desumpsi
491 2834 626 2891 termites
645 2849 681 2888 ex
697 2834 789 2896 lauru,
802 2836 859 2889 suh

320 2930 379 2985 qua
395 2916 535 2975 sedimus,
548 2924 579 2968 ει
598 2915 724 2983 porrexi,
737 2925 769 2969 et
786 2915 857 2977 dixi,

321 3005 336 3024 ‘⁶
345 2994 424 3049 Num
435 2995 556 3049 creditis
566 2994 648 3064 quod
658 2995 716 3049 hoc
725 3011 743 3050 a
752 3011 801 3050 me
810 2995 857 3059 sit,

319 3076 366 3130 vel
380 3091 398 3130 a
413 3074 570 3131 Domin0.”

357 3156 395 3210 Et
412 3155 551 3210 dixerunt
563 3155 645 3226 quod
663 3156 787 3212 credam
805 3173 860 3227 per

320 3253 369 3292 nte
387 3237 464 3292 sicut
482 3253 501 3291 a
517 3251 580 3298 me;
598 3247 629 3290 et
641 3253 710 3292 eoce
722 3237 858 3292 termites

321 3318 362 3371 illi
382 3319 412 3371 in
431 3317 569 3372 manibus
590 3317 708 3372 illorum
728 3315 858 3374 efflores-

320 3399 436 3453 cebant.

356 3479 398 3533 Αι
416 3493 485 3532 cum
506 3478 622 3538 recessi,
639 3477 702 3532 vidi
724 3493 858 3532 mensam

319 3559 480 3620 cedrinam,
501 3574 590 3629 super
611 3570 755 3628 quaerat
776 3558 858 3621 liber,

320 3641 376 3694 sub
393 3640 461 3694 olea
478 3640 602 3700 virente,
615 3639 702 3709 cujus
720 3651 857 3694 truncum

320 3719 544 3791 circumligabat
562 3719 640 3774 vitis.
687 3719 809 3789 Aspexi,
828 3732 859 3775 et

320 3815 389 3855 ecce
407 3811 470 3855 erat
492 3801 566 3854 liber
585 3815 637 3870 per
656 3815 704 3856 me
722 3801 858 3871 scriptus,

320 3891 445 3936 vocatus
476 3881 629 3951 Sapientia
653 3882 797 3952 Angelica
825 3882 861 3936 de

321 3962 435 4015 Divino
445 3962 592 4016 Antoren
609 3962 724 4015 Divina
738 3962 859 4032 Sapien-

319 4045 374 4102 tia.
387 4053 418 4096 et
430 4057 550 4112 quoque
565 4043 601 4094 de
618 4042 733 4096 Dihiita
751 4044 859 4098 Provi-

321 4125 442 4188 dentt'a,·
458 4135 490 4178 et
499 4123 569 4186 dixi,
579 4125 660 4194 quod
675 4125 705 4178 in
719 4125 771 4179 illo
783 4126 860 4182 iibro

323 4205 409 4274 piene
427 4215 581 4259 ostensum
600 4205 648 4266 sit,
666 4206 747 4275 quod
767 4206 860 4262 homo

321 4285 361 4338 sit
384 4300 530 4355 organum
552 4285 697 4355 recipiens
718 4285 806 4349 vitae,
828 4297 860 4341 et

320 4379 384 4418 non
395 4365 466 4420 vita.

358 4443 432 4500 Post
445 4445 519 4500 haec
530 4463 568 4501 ex
581 4446 671 4501 horto
684 4445 736 4501 illo
747 4447 859 4502 exhila-

322 4535 405 4580 ratus
428 4527 508 4580 abivi
529 4527 663 4589 domum,
685 4537 716 4582 et
741 4543 858 4582 mecum

323 4605 452 4676 Spiritus
472 4607 637 4678 angelicus;
662 4608 713 4678 qui
735 4607 808 4661 mihi
829 4608 859 4662 in

646 645 893 698 APOCALYPSIS
918 646 1128 697 REVELATA.

908 818 957 874 via
969 819 1053 883 dixit,
1067 819 1143 875 “Vis
1157 820 1259 876 videte
1277 822 1355 877 clare
1374 822 1446 893 quid

909 900 983 956 tides
1005 912 1036 956 ει
1058 901 1194 964 charitas,
1217 902 1352 973 itaquid
1374 902 1448 958 fides

908 993 1044 1052 separata
1055 998 1073 1036 a
1083 982 1236 1045 charitate,
1247 994 1279 1038 et
1292 982 1367 1038 fides
1376 996 1448 1038 con·

907 1061 1010 1133 juncia
1022 1062 1169 1125 charitati,
1179 1073 1209 1119 ει
1222 1064 1398 1119 monstrabo
1410 1064 1447 1119 ad

908 1142 1056 1199 oculum.¹'

946 1224 1107 1293 Respondi,
1121 1232 1136 1255 ¹⁸
1145 1223 1306 1280 Monstra.”

947 1304 984 1359 Et
1004 1305 1087 1366 dixit,
1109 1305 1240 1377 “Cogita
1260 1318 1314 1375 pro
1336 1304 1396 1361 fide
1417 1316 1449 1361 ει

908 1386 1054 1441 charitate
1079 1386 1176 1441 lucem
1201 1397 1233 1441 ει
1256 1388 1395 1449 calorem,
1418 1398 1450 1443 ct

909 1467 986 1521 clare
1006 1467 1134 1529 videbis:
1153 1466 1227 1521 fides
1246 1468 1324 1521 enim
1346 1467 1375 1521 in
1394 1483 1450 1522 sua

909 1549 1038 1603 essentia
1052 1558 1098 1603 est
1110 1548 1219 1603 veritas
1237 1564 1314 1618 quae
1330 1548 1449 1619 sapien·

909 1630 976 1691 tiae.
996 1644 1031 1683 ac
1048 1628 1178 1683 charitas
1198 1627 1227 1681 in
1247 1644 1300 1683 sua
1319 1628 1448 1683 essentia

909 1720 955 1765 est
968 1708 1087 1765 affectio
1096 1724 1173 1779 quae
1184 1709 1309 1769 amorim
1327 1724 1362 1763 ac
1371 1710 1447 1763 veri-

909 1801 955 1845 tas
968 1790 1131 1861 sapientiae
1144 1790 1174 1844 in
1186 1788 1277 1844 Caelo
1289 1800 1335 1843 est
1347 1789 1406 1851 lux.
1417 1799 1448 1844 et

909 1868 1028 1926 affectio
1036 1872 1146 1925 amoris
1155 1870 1186 1925 in
1195 1868 1287 1925 Caelo
1297 1880 1343 1923 est
1352 1870 1448 1923 calor:

909 1950 960 2005 lux
978 1961 1009 2006 et
1027 1950 1109 2006 calor
1127 1950 1156 2005 in
1176 1951 1284 2021 quibus
1304 1960 1374 2005 sunt
1395 1966 1448 2005 an·

909 2030 975 2101 geli,
1001 2046 1061 2086 non
1092 2031 1173 2085 aliud
1204 2040 1283 2087 sunt.
1312 2028 1448 2084 'Exinde

909 2112 1011 2165 videre
1042 2120 1128 2181 potes
1158 2111 1236 2165 clare
1266 2110 1338 2180 quid
1372 2109 1447 2165 tides

909 2202 1071 2261 separatas
1083 2192 1236 2250 charitate,
1248 2191 1360 2261 etquid
1374 2190 1448 2247 fides

909 2270 1225 2342 conjundiacharitati.
1266 2270 1447 2341 Fidessepa·

910 2363 974 2407 rata
997 2368 1015 2407 a
1039 2352 1185 2407 charitate
1215 2362 1261 2407 est
1292 2352 1369 2407 sicut
1397 2352 1448 2405 lux

910 2432 1062 2504 hyemalis,
1072 2449 1107 2487 ac
1121 2432 1194 2487 fides
1204 2429 1366 2503 conjuncta
1377 2432 1447 2487 cha·

910 2514 989 2568 rituti
1002 2524 1048 2569 est
1058 2514 1135 2568 sicut
1147 2513 1198 2567 lux
1208 2512 1345 2567 vernalis.
1383 2512 1446 2566 Lux

910 2594 1061 2665 hyemalis,
1071 2609 1148 2665 quae
1160 2604 1207 2649 est
1220 2594 1270 2647 lux
1283 2603 1419 2663 separata
1428 2609 1448 2648 a

908 2675 1015 2738 calore,
1035 2672 1131 2746 quiam
1148 2684 1195 2732 est
1214 2670 1377 2745 conjuncta
1396 2672 1446 2728 iri·

908 2757 983 2828 goti,
1015 2772 1135 2827 prorsus
1165 2757 1298 2811 denudat
1328 2756 1446 2810 arbores

909 2837 999 2892 etiam
1014 2853 1032 2892 a
1047 2835 1133 2898 toliis,
1148 2837 1268 2892 indurat
1285 2846 1402 2897 terram,
1416 2847 1447 2890 ει

909 2928 1014 2973 enecat
1024 2933 1154 2988 gramen,
1165 2927 1196 2972 et
1205 2931 1326 2988 quoque
1337 2931 1447 2988 conge·

909 2998 1447 3069 lataquas;luxautemvernalis,quae

909 3089 955 3133 est
974 3079 1025 3133 lux
1037 3075 1199 3149 conjuncta
1213 3077 1312 3140 calori,
1326 3087 1447 3148 vegetat

909 3160 1030 3214 arbores
1048 3159 1177 3230 primum
1197 3158 1226 3212 in
1244 3155 1324 3219 folia,
1337 3169 1402 3212 tum
1417 3158 1446 3212 in

909 3239 1005 3302 flores,
1036 3251 1066 3295 et
1100 3239 1229 3310 denique
1263 3239 1293 3292 in
1324 3236 1446 3298 trutius.

909 3321 1004 3390 aperit
1017 3332 1048 3376 et
1060 3320 1176 3376 emollit
1193 3329 1312 3380 terram,
1326 3329 1361 3372 ut
1380 3333 1447 3388 pro·

909 3403 1000 3456 ducat
1017 3401 1160 3472 gramina,
1176 3400 1291 3461 herbas,
1310 3399 1400 3454 flores
1417 3409 1448 3454 ct

910 3480 1039 3543 irutices,
1050 3491 1080 3536 ει
1088 3497 1209 3551 quoque
1219 3479 1309 3534 solvit
1321 3479 1446 3551 glaciem

910 3559 1322 3630 utfluantefontibusaquae.
1361 3558 1448 3614 Pror-

909 3657 960 3698 sus
973 3641 1069 3696 simile
1081 3651 1127 3696 est
1142 3657 1209 3695 cum
1230 3640 1289 3695 iide
1308 3649 1339 3695 et
1352 3640 1448 3695 chari·

909 3732 989 3777 tate:
1017 3721 1090 3778 fides
1110 3733 1246 3792 separata
1265 3735 1283 3775 a
1302 3721 1447 3776 charitate

910 3803 1071 3858 mortificat
1092 3803 1200 3864 omnia,
1222 3812 1253 3856 et
1278 3801 1352 3856 fides
1377 3816 1447 3856 con·

909 3881 1013 3954 juncta
1031 3883 1168 3938 charitati
1187 3881 1318 3938 vivificat
1338 3881 1446 3936 omnia.

910 3963 1080 4020 vivificatio
1105 3964 1180 4018 haec
1201 3973 1234 4018 et
1257 3961 1446 4016 mortificatio

911 4045 961 4100 ilia
978 4045 1016 4100 ad
1035 4045 1137 4099 vivum
1157 4053 1282 4114 possunt
1299 4041 1394 4096 videri
1416 4041 1444 4094 in

911 4127 1025 4182 mundo
1038 4135 1141 4180 nostro
1151 4123 1305 4194 spirituaii,
1316 4122 1386 4192 quia
1398 4122 1445 4176 hic

910 4217 956 4262 est
978 4205 1051 4260 fides
1073 4205 1132 4267 lux,
1152 4214 1183 4260 ει
1205 4204 1334 4258 charitas
1353 4203 1445 4263 calor:

910 4281 1444 4354 ubienimtidesconjundtacharitati

911 4379 965 4428 est,
974 4367 1013 4422 ibi
1027 4374 1096 4421 sunt
1106 4365 1187 4419 horti
1201 4363 1382 4434 paradisiaci,
1393 4363 1445 4418 flo-

911 4459 981 4510 reta.
994 4457 1024 4502 ει
1037 4445 1132 4501 vireta
1151 4445 1180 4499 in
1200 4460 1253 4498 sua
1265 4444 1446 4498 amoenitate

910 4527 1073 4582 secundum
1082 4521 1325 4595 conjunctionem
1335 4541 1343 4586 ς
1355 4534 1387 4578 at
1396 4523 1445 4578 ubi

911 4607 985 4662 fides
998 4616 1133 4678 separata
1145 4622 1163 4660 a
1175 4604 1319 4660 charitate
1338 4615 1393 4669 est,
1407 4604 1446 4659 ibi
