<?xml version="1.0" encoding="UTF-8"?>
<!DOCTYPE html PUBLIC "-//W3C//DTD XHTML 1.0 Transitional//EN"
    "http://www.w3.org/TR/xhtml1/DTD/xhtml1-transitional.dtd">
<html xmlns="http://www.w3.org/1999/xhtml" xml:lang="en" lang="en">
 <head>
  <title>
</title>
<meta http-equiv="Content-Type" content="text/html;charset=utf-8" />
  <meta name='ocr-system' content='tesseract 3.04.00' />
  <meta name='ocr-capabilities' content='ocr_page ocr_carea ocr_par ocr_line ocrx_word'/>
</head>
<body>
  <div class='ocr_page' id='page_1' title='image "./apocalypsisreve00swedgoog_0346.png"; bbox 0 0 3384 5400; ppageno 0'>
   <div class='ocr_carea' id='block_1_1' title="bbox 370 666 1171 747">
    <p class='ocr_par' dir='ltr' id='par_1_1' title="bbox 370 666 1171 747">
     <span class='ocr_line' id='line_1_1' title="bbox 370 666 1171 747; baseline 0.002 -18"><span class='ocrx_word' id='word_1_1' title='bbox 370 666 433 747; x_wconf 85' lang='lat'><strong>856</strong></span> <span class='ocrx_word' id='word_1_2' title='bbox 687 677 935 730; x_wconf 74' lang='lat' dir='ltr'><strong>ssocntussrs</strong></span> <span class='ocrx_word' id='word_1_3' title='bbox 958 680 1171 731; x_wconf 74' lang='lat' dir='ltr'><strong>usvunnrn.</strong></span> 
     </span>
    </p>
   </div>
   <div class='ocr_carea' id='block_1_2' title="bbox 350 846 1490 4698">
    <p class='ocr_par' dir='ltr' id='par_1_2' title="bbox 360 846 1490 2516">
     <span class='ocr_line' id='line_1_2' title="bbox 366 846 1488 931; baseline 0.005 -22"><span class='ocrx_word' id='word_1_4' title='bbox 366 847 468 909; x_wconf 90' lang='lat' dir='ltr'><strong>ferior</strong></span> <span class='ocrx_word' id='word_1_5' title='bbox 496 848 550 922; x_wconf 85' lang='lat' dir='ltr'><strong>sit,</strong></span> <span class='ocrx_word' id='word_1_6' title='bbox 578 846 738 929; x_wconf 88' lang='lat' dir='ltr'><strong>quoniam</strong></span> <span class='ocrx_word' id='word_1_7' title='bbox 764 847 931 929; x_wconf 83' lang='lat' dir='ltr'><strong>cogitatio</strong></span> <span class='ocrx_word' id='word_1_8' title='bbox 958 846 1104 931; x_wconf 85' lang='lat' dir='ltr'><strong>simplex</strong></span> <span class='ocrx_word' id='word_1_9' title='bbox 1134 868 1202 913; x_wconf 89' lang='lat' dir='ltr'><strong>non</strong></span> <span class='ocrx_word' id='word_1_10' title='bbox 1233 857 1349 931; x_wconf 90' lang='lat' dir='ltr'><strong>potest</strong></span> <span class='ocrx_word' id='word_1_11' title='bbox 1379 860 1488 915; x_wconf 88' lang='lat' dir='ltr'><strong>semet</strong></span> 
     </span>
     <span class='ocr_line' id='line_1_3' title="bbox 366 942 1487 1023; baseline 0.005 -20"><span class='ocrx_word' id='word_1_12' title='bbox 366 942 499 1013; x_wconf 79' lang='lat' dir='ltr'><strong>intueri,</strong></span> <span class='ocrx_word' id='word_1_13' title='bbox 519 942 581 1003; x_wconf 87' lang='lat' dir='ltr'><strong>nisi</strong></span> <span class='ocrx_word' id='word_1_14' title='bbox 600 962 619 1004; x_wconf 87' lang='lat' dir='ltr'><strong>a</strong></span> <span class='ocrx_word' id='word_1_15' title='bbox 641 942 998 1023; x_wconf 82' lang='lat' dir='ltr'><strong>quadam·superiore;</strong></span> <span class='ocrx_word' id='word_1_16' title='bbox 1029 952 1064 1006; x_wconf 90' lang='lat' dir='ltr'><strong>et</strong></span> <span class='ocrx_word' id='word_1_17' title='bbox 1083 942 1145 1007; x_wconf 90' lang='lat' dir='ltr'><strong>nisi</strong></span> <span class='ocrx_word' id='word_1_18' title='bbox 1168 942 1296 1007; x_wconf 92' lang='lat' dir='ltr'><strong>homini</strong></span> <span class='ocrx_word' id='word_1_19' title='bbox 1319 944 1406 1011; x_wconf 90' lang='lat' dir='ltr'><strong>foret</strong></span> <span class='ocrx_word' id='word_1_20' title='bbox 1430 966 1487 1009; x_wconf 91' lang='lat' dir='ltr'><strong>co-</strong></span> 
     </span>
     <span class='ocr_line' id='line_1_4' title="bbox 366 1035 1487 1117; baseline 0.004 -18"><span class='ocrx_word' id='word_1_21' title='bbox 366 1037 490 1117; x_wconf 86' lang='lat' dir='ltr'><strong>gitatio</strong></span> <span class='ocrx_word' id='word_1_22' title='bbox 512 1036 662 1117; x_wconf 80' lang='lat' dir='ltr'><strong>superior</strong></span> <span class='ocrx_word' id='word_1_23' title='bbox 687 1045 725 1098; x_wconf 88' lang='lat' dir='ltr'><strong>et</strong></span> <span class='ocrx_word' id='word_1_24' title='bbox 749 1035 987 1110; x_wconf 87' lang='lat' dir='ltr'><strong>inferior,-non</strong></span> <span class='ocrx_word' id='word_1_25' title='bbox 1014 1037 1102 1101; x_wconf 89' lang='lat' dir='ltr'><strong>foret</strong></span> <span class='ocrx_word' id='word_1_26' title='bbox 1128 1036 1232 1100; x_wconf 87' lang='lat' dir='ltr'><strong>homo</strong></span> <span class='ocrx_word' id='word_1_27' title='bbox 1254 1038 1314 1101; x_wconf 90' lang='lat' dir='ltr'><strong>sed</strong></span> <span class='ocrx_word' id='word_1_28' title='bbox 1342 1040 1487 1103; x_wconf 89' lang='lat' dir='ltr'><strong>brutum.</strong></span> 
     </span>
     <span class='ocr_line' id='line_1_5' title="bbox 366 1129 1488 1216; baseline 0.004 -24"><span class='ocrx_word' id='word_1_29' title='bbox 366 1129 468 1211; x_wconf 83' lang='lat' dir='ltr'><strong>Quod</strong></span> <span class='ocrx_word' id='word_1_30' title='bbox 494 1150 554 1212; x_wconf 90' lang='lat' dir='ltr'><strong>per</strong></span> <span class='ocrx_word' id='word_1_31' title='bbox 575 1129 661 1192; x_wconf 82' lang='lat' dir='ltr'><strong>“Ne</strong></span> <span class='ocrx_word' id='word_1_32' title='bbox 684 1130 846 1211; x_wconf 77' lang='lat' dir='ltr'><strong>obsignes</strong></span> <span class='ocrx_word' id='word_1_33' title='bbox 868 1130 972 1195; x_wconf 85' lang='lat' dir='ltr'><strong>verba</strong></span> <span class='ocrx_word' id='word_1_34' title='bbox 994 1131 1192 1213; x_wconf 87' lang='lat' dir='ltr'><strong>prophetiae</strong></span> <span class='ocrx_word' id='word_1_35' title='bbox 1218 1131 1337 1213; x_wconf 86' lang='lat' dir='ltr'><strong>hujus’&#39;</strong></span> <span class='ocrx_word' id='word_1_36' title='bbox 1360 1134 1488 1216; x_wconf 83' lang='lat' dir='ltr'><strong>signifi·</strong></span> 
     </span>
     <span class='ocr_line' id='line_1_6' title="bbox 365 1223 1488 1309; baseline 0.005 -22"><span class='ocrx_word' id='word_1_37' title='bbox 365 1235 462 1287; x_wconf 87' lang='lat' dir='ltr'><strong>cetur</strong></span> <span class='ocrx_word' id='word_1_38' title='bbox 483 1224 573 1306; x_wconf 87' lang='lat' dir='ltr'><strong>quod</strong></span> <span class='ocrx_word' id='word_1_39' title='bbox 603 1223 828 1305; x_wconf 76' lang='lat' dir='ltr'><strong>Apocalypsis</strong></span> <span class='ocrx_word' id='word_1_40' title='bbox 850 1238 919 1288; x_wconf 87' lang='lat' dir='ltr'><strong>non</strong></span> <span class='ocrx_word' id='word_1_41' title='bbox 946 1223 1083 1289; x_wconf 89' lang='lat' dir='ltr'><strong>occlusa</strong></span> <span class='ocrx_word' id='word_1_42' title='bbox 1105 1226 1180 1298; x_wconf 86' lang='lat' dir='ltr'><strong>erit,</strong></span> <span class='ocrx_word' id='word_1_43' title='bbox 1205 1227 1265 1289; x_wconf 88' lang='lat' dir='ltr'><strong>sed</strong></span> <span class='ocrx_word' id='word_1_44' title='bbox 1292 1230 1488 1309; x_wconf 83' lang='lat' dir='ltr'><strong>aperienda,</strong></span> 
     </span>
     <span class='ocr_line' id='line_1_7' title="bbox 365 1318 1489 1402; baseline 0.004 -19"><span class='ocrx_word' id='word_1_45' title='bbox 365 1322 534 1402; x_wconf 59' lang='lat' dir='ltr'><strong>estquis</strong></span> <span class='ocrx_word' id='word_1_46' title='bbox 550 1339 609 1401; x_wconf 88' lang='lat' dir='ltr'><strong>per</strong></span> <span class='ocrx_word' id='word_1_47' title='bbox 634 1318 869 1400; x_wconf 82' lang='lat' dir='ltr'><strong>“obsignare&#39;&#39;</strong></span> <span class='ocrx_word' id='word_1_48' title='bbox 893 1318 1102 1401; x_wconf 86' lang='lat' dir='ltr'><strong>significatur</strong></span> <span class='ocrx_word' id='word_1_49' title='bbox 1128 1319 1317 1395; x_wconf 81' lang='lat' dir='ltr'><strong>occludere.</strong></span> <span class='ocrx_word' id='word_1_50' title='bbox 1344 1333 1380 1386; x_wconf 92' lang='lat' dir='ltr'><strong>et</strong></span> <span class='ocrx_word' id='word_1_51' title='bbox 1407 1324 1489 1388; x_wconf 92' lang='lat' dir='ltr'><strong>inde</strong></span> 
     </span>
     <span class='ocr_line' id='line_1_8' title="bbox 364 1412 1489 1500; baseline 0.005 -25"><span class='ocrx_word' id='word_1_52' title='bbox 364 1434 425 1495; x_wconf 91' lang='lat' dir='ltr'><strong>per</strong></span> <span class='ocrx_word' id='word_1_53' title='bbox 448 1420 550 1475; x_wconf 78' lang='lat' dir='ltr'><strong>“non</strong></span> <span class='ocrx_word' id='word_1_54' title='bbox 568 1412 772 1493; x_wconf 87' lang='lat' dir='ltr'><strong>obsignare·”</strong></span> <span class='ocrx_word' id='word_1_55' title='bbox 789 1412 999 1494; x_wconf 87' lang='lat' dir='ltr'><strong>significatur</strong></span> <span class='ocrx_word' id='word_1_56' title='bbox 1021 1414 1162 1495; x_wconf 79' lang='lat' dir='ltr'><strong>aperire,</strong></span> <span class='ocrx_word' id='word_1_57' title='bbox 1182 1423 1217 1477; x_wconf 91' lang='lat' dir='ltr'><strong>et</strong></span> <span class='ocrx_word' id='word_1_58' title='bbox 1240 1434 1299 1496; x_wconf 91' lang='lat' dir='ltr'><strong>per</strong></span> <span class='ocrx_word' id='word_1_59' title='bbox 1323 1420 1489 1500; x_wconf 87' lang='lat' dir='ltr'><strong>“tempus</strong></span> 
     </span>
     <span class='ocr_line' id='line_1_9' title="bbox 363 1506 1489 1591; baseline 0.004 -21"><span class='ocrx_word' id='word_1_60' title='bbox 363 1518 470 1589; x_wconf 86' lang='lat' dir='ltr'><strong>prope</strong></span> <span class='ocrx_word' id='word_1_61' title='bbox 485 1507 562 1571; x_wconf 86' lang='lat' dir='ltr'><strong>est”</strong></span> <span class='ocrx_word' id='word_1_62' title='bbox 574 1506 782 1589; x_wconf 84' lang='lat' dir='ltr'><strong>significatur</strong></span> <span class='ocrx_word' id='word_1_63' title='bbox 793 1507 1078 1590; x_wconf 79' lang='lat' dir='ltr'><strong>quodnccessunt</strong></span> <span class='ocrx_word' id='word_1_64' title='bbox 1094 1508 1137 1571; x_wconf 88' lang='lat' dir='ltr'><strong>sit</strong></span> <span class='ocrx_word' id='word_1_65' title='bbox 1152 1530 1158 1584; x_wconf 90' lang='lat'>;</span> <span class='ocrx_word' id='word_1_66' title='bbox 1182 1517 1235 1572; x_wconf 88' lang='lat' dir='ltr'><strong>est</strong></span> <span class='ocrx_word' id='word_1_67' title='bbox 1251 1510 1341 1573; x_wconf 85' lang='lat' dir='ltr'><strong>enirn</strong></span> <span class='ocrx_word' id='word_1_68' title='bbox 1353 1510 1489 1591; x_wconf 82' lang='lat' dir='ltr'><strong>Apoca-</strong></span> 
     </span>
     <span class='ocr_line' id='line_1_10' title="bbox 363 1592 1488 1687; baseline 0.005 -23"><span class='ocrx_word' id='word_1_69' title='bbox 363 1601 469 1682; x_wconf 81' lang='lat' dir='ltr'><strong>lypsis</strong></span> <span class='ocrx_word' id='word_1_70' title='bbox 488 1601 805 1681; x_wconf 73' lang='lat' dir='ltr'><strong>Liber&#39;obsignatus</strong></span> <span class='ocrx_word' id='word_1_71' title='bbox 822 1592 883 1664; x_wconf 76' lang='lat' dir='ltr'><strong>seu</strong></span> <span class='ocrx_word' id='word_1_72' title='bbox 901 1600 1055 1665; x_wconf 78' lang='lat' dir='ltr'><strong>occlusus</strong></span> <span class='ocrx_word' id='word_1_73' title='bbox 1071 1602 1230 1683; x_wconf 84' lang='lat' dir='ltr'><strong>quamdiu</strong></span> <span class='ocrx_word' id='word_1_74' title='bbox 1248 1606 1488 1687; x_wconf 86' lang='lat' dir='ltr'><strong>non-explica·</strong></span> 
     </span>
     <span class='ocr_line' id='line_1_11' title="bbox 362 1694 1490 1778; baseline 0.004 -20"><span class='ocrx_word' id='word_1_75' title='bbox 362 1705 421 1759; x_wconf 87' lang='lat' dir='ltr'><strong>tus</strong></span> <span class='ocrx_word' id='word_1_76' title='bbox 436 1707 489 1759; x_wconf 88' lang='lat' dir='ltr'><strong>est</strong></span> <span class='ocrx_word' id='word_1_77' title='bbox 498 1707 516 1773; x_wconf 84' lang='grc'><strong>;“·</strong></span> <span class='ocrx_word' id='word_1_78' title='bbox 541 1706 644 1778; x_wconf 76' lang='lat' dir='ltr'><strong>atque</strong></span> <span class='ocrx_word' id='word_1_79' title='bbox 665 1694 837 1777; x_wconf 87' lang='lat' dir='ltr'><strong>(utsupra</strong></span> <span class='ocrx_word' id='word_1_80' title='bbox 855 1712 971 1775; x_wconf 70' lang='lat' dir='ltr'><strong>¹1·9s4</strong></span> <span class='ocrx_word' id='word_1_81' title='bbox 988 1706 1164 1759; x_wconf 87' lang='lat' dir='ltr'><strong>ostensum</strong></span> <span class='ocrx_word' id='word_1_82' title='bbox 1186 1695 1255 1777; x_wconf 91' lang='lat' dir='ltr'><strong>est)</strong></span> <span class='ocrx_word' id='word_1_83' title='bbox 1276 1716 1335 1778; x_wconf 88' lang='lat' dir='ltr'><strong>per</strong></span> <span class='ocrx_word' id='word_1_84' title='bbox 1354 1698 1490 1763; x_wconf 85' lang='lat' dir='ltr'><strong>“verba</strong></span> 
     </span>
     <span class='ocr_line' id='line_1_12' title="bbox 362 1788 1489 1873; baseline 0.002 -21"><span class='ocrx_word' id='word_1_85' title='bbox 362 1791 561 1871; x_wconf 81' lang='lat' dir='ltr'><strong>prophetiae</strong></span> <span class='ocrx_word' id='word_1_86' title='bbox 586 1788 708 1872; x_wconf 88' lang='lat' dir='ltr'><strong>[Libri]</strong></span> <span class='ocrx_word' id='word_1_87' title='bbox 736 1788 855 1871; x_wconf 86' lang='lat' dir='ltr'><strong>hujus·”</strong></span> <span class='ocrx_word' id='word_1_88' title='bbox 879 1789 1115 1871; x_wconf 86' lang='lat' dir='ltr'><strong>intelliguntur</strong></span> <span class='ocrx_word' id='word_1_89' title='bbox 1137 1810 1218 1855; x_wconf 87' lang='lat' dir='ltr'><strong>vera</strong></span> <span class='ocrx_word' id='word_1_90' title='bbox 1240 1800 1275 1853; x_wconf 89' lang='lat' dir='ltr'><strong>et</strong></span> <span class='ocrx_word' id='word_1_91' title='bbox 1302 1802 1489 1873; x_wconf 81' lang='lat' dir='ltr'><strong>praecepta</strong></span> 
     </span>
     <span class='ocr_line' id='line_1_13' title="bbox 362 1882 1487 1966; baseline 0.002 -19"><span class='ocrx_word' id='word_1_92' title='bbox 362 1883 536 1949; x_wconf 66' lang='lat' dir='ltr'><strong>doetrinae</strong></span> <span class='ocrx_word' id='word_1_93' title='bbox 546 1886 650 1965; x_wconf 80' lang='lat' dir='ltr'><strong>-hujus</strong></span> <span class='ocrx_word' id='word_1_94' title='bbox 670 1884 762 1948; x_wconf 92' lang='lat' dir='ltr'><strong>Libri</strong></span> <span class='ocrx_word' id='word_1_95' title='bbox 780 1906 801 1947; x_wconf 91' lang='lat' dir='ltr'><strong>a</strong></span> <span class='ocrx_word' id='word_1_96' title='bbox 824 1884 973 1949; x_wconf 85' lang='lat' dir='ltr'><strong>Domino</strong></span> <span class='ocrx_word' id='word_1_97' title='bbox 992 1886 1110 1966; x_wconf 89' lang='lat' dir='ltr'><strong>aperti.</strong></span> <span class='ocrx_word' id='word_1_98' title='bbox 1157 1882 1259 1965; x_wconf 84' lang='lat' dir='ltr'><strong>Quod</strong></span> <span class='ocrx_word' id='word_1_99' title='bbox 1281 1884 1346 1947; x_wconf 83' lang='lat' dir='ltr'><strong>hoc</strong></span> <span class='ocrx_word' id='word_1_100' title='bbox 1366 1904 1487 1949; x_wconf 88' lang='lat' dir='ltr'><strong>neces·</strong></span> 
     </span>
     <span class='ocr_line' id='line_1_14' title="bbox 361 1978 1488 2060; baseline 0.002 -18"><span class='ocrx_word' id='word_1_101' title='bbox 361 1998 436 2044; x_wconf 88' lang='lat' dir='ltr'><strong>sum</strong></span> <span class='ocrx_word' id='word_1_102' title='bbox 466 1981 573 2043; x_wconf 80' lang='lat' dir='ltr'><strong>sit-in</strong></span> <span class='ocrx_word' id='word_1_103' title='bbox 603 1979 670 2042; x_wconf 86' lang='lat' dir='ltr'><strong>fine</strong></span> <span class='ocrx_word' id='word_1_104' title='bbox 699 1978 886 2053; x_wconf 80' lang='lat' dir='ltr'><strong>Ecclesiae,</strong></span> <span class='ocrx_word' id='word_1_105' title='bbox 917 1988 955 2041; x_wconf 88' lang='lat' dir='ltr'><strong>ut</strong></span> <span class='ocrx_word' id='word_1_106' title='bbox 984 1978 1086 2060; x_wconf 87' lang='lat' dir='ltr'><strong>aliqui</strong></span> <span class='ocrx_word' id='word_1_107' title='bbox 1115 1978 1300 2053; x_wconf 86' lang='lat' dir='ltr'><strong>salventur,</strong></span> <span class='ocrx_word' id='word_1_108' title='bbox 1327 1980 1488 2044; x_wconf 83' lang='lat' dir='ltr'><strong>videatur</strong></span> 
     </span>
     <span class='ocr_line' id='line_1_15' title="bbox 361 2072 1484 2156; baseline 0.002 -20"><span class='ocrx_word' id='word_1_109' title='bbox 361 2092 461 2156; x_wconf 85' lang='lat' dir='ltr'><strong>supra</strong></span> <span class='ocrx_word' id='word_1_110' title='bbox 482 2074 529 2155; x_wconf 88' lang='lat' dir='ltr'><strong>(n.</strong></span> <span class='ocrx_word' id='word_1_111' title='bbox 542 2075 595 2156; x_wconf 82' lang='lat'><strong>·9)·.</strong></span> <span class='ocrx_word' id='word_1_112' title='bbox 641 2073 698 2137; x_wconf 88' lang='lat' dir='ltr'><strong>Ex</strong></span> <span class='ocrx_word' id='word_1_113' title='bbox 720 2073 773 2136; x_wconf 90' lang='lat' dir='ltr'><strong>his</strong></span> <span class='ocrx_word' id='word_1_114' title='bbox 795 2082 960 2137; x_wconf 84' lang='lat' dir='ltr'><strong>constare·</strong></span> <span class='ocrx_word' id='word_1_115' title='bbox 977 2082 1104 2155; x_wconf 76' lang='lat' dir='ltr'><strong>potest,</strong></span> <span class='ocrx_word' id='word_1_116' title='bbox 1124 2073 1214 2155; x_wconf 89' lang='lat' dir='ltr'><strong>quod</strong></span> <span class='ocrx_word' id='word_1_117' title='bbox 1238 2092 1297 2155; x_wconf 91' lang='lat' dir='ltr'><strong>per</strong></span> <span class='ocrx_word' id='word_1_118' title='bbox 1317 2076 1336 2107; x_wconf 82' lang='lat'><strong>‘⁴</strong></span> <span class='ocrx_word' id='word_1_119' title='bbox 1347 2072 1399 2137; x_wconf 88' lang='lat' dir='ltr'><strong>Ne</strong></span> <span class='ocrx_word' id='word_1_120' title='bbox 1421 2075 1484 2138; x_wconf 92' lang='lat' dir='ltr'><strong>ob·</strong></span> 
     </span>
     <span class='ocr_line' id='line_1_16' title="bbox 361 2166 1485 2251; baseline 0.002 -20"><span class='ocrx_word' id='word_1_121' title='bbox 361 2170 476 2251; x_wconf 80' lang='lat' dir='ltr'><strong>signes</strong></span> <span class='ocrx_word' id='word_1_122' title='bbox 503 2170 606 2231; x_wconf 86' lang='lat' dir='ltr'><strong>verba</strong></span> <span class='ocrx_word' id='word_1_123' title='bbox 632 2167 831 2251; x_wconf 84' lang='lat' dir='ltr'><strong>prophetiae</strong></span> <span class='ocrx_word' id='word_1_124' title='bbox 862 2166 967 2247; x_wconf 85' lang='lat' dir='ltr'><strong>hujus,</strong></span> <span class='ocrx_word' id='word_1_125' title='bbox 995 2168 1072 2249; x_wconf 86' lang='lat' dir='ltr'><strong>quia</strong></span> <span class='ocrx_word' id='word_1_126' title='bbox 1103 2176 1237 2248; x_wconf 81' lang='lat' dir='ltr'><strong>tempus</strong></span> <span class='ocrx_word' id='word_1_127' title='bbox 1267 2186 1372 2249; x_wconf 84' lang='lat' dir='ltr'><strong>prope</strong></span> <span class='ocrx_word' id='word_1_128' title='bbox 1401 2169 1485 2243; x_wconf 85' lang='lat' dir='ltr'><strong>est‚”</strong></span> 
     </span>
     <span class='ocr_line' id='line_1_17' title="bbox 360 2260 1483 2345; baseline 0 -20"><span class='ocrx_word' id='word_1_129' title='bbox 360 2262 569 2345; x_wconf 83' lang='lat' dir='ltr'><strong>significetur</strong></span> <span class='ocrx_word' id='word_1_130' title='bbox 585 2262 679 2344; x_wconf 90' lang='lat' dir='ltr'><strong>quod</strong></span> <span class='ocrx_word' id='word_1_131' title='bbox 699 2261 730 2325; x_wconf 82' lang='lat' dir='ltr'><em>A</em></span> <span class='ocrx_word' id='word_1_132' title='bbox 731 2260 1014 2343; x_wconf 60' lang='lat' dir='ltr'><strong>pocalypsisnnon</strong></span> <span class='ocrx_word' id='word_1_133' title='bbox 1037 2260 1174 2325; x_wconf 89' lang='lat' dir='ltr'><strong>occlusa</strong></span> <span class='ocrx_word' id='word_1_134' title='bbox 1196 2262 1270 2335; x_wconf 87' lang='lat' dir='ltr'><strong>erit,</strong></span> <span class='ocrx_word' id='word_1_135' title='bbox 1291 2261 1351 2325; x_wconf 90' lang='lat' dir='ltr'><strong>sed</strong></span> <span class='ocrx_word' id='word_1_136' title='bbox 1373 2264 1483 2343; x_wconf 90' lang='lat' dir='ltr'><strong>aperi-</strong></span> 
     </span>
     <span class='ocr_line' id='line_1_18' title="bbox 360 2354 1484 2440; baseline 0 -19"><span class='ocrx_word' id='word_1_137' title='bbox 360 2359 459 2432; x_wconf 86' lang='lat' dir='ltr'><strong>enda,</strong></span> <span class='ocrx_word' id='word_1_138' title='bbox 478 2368 516 2421; x_wconf 87' lang='lat' dir='ltr'><strong>et</strong></span> <span class='ocrx_word' id='word_1_139' title='bbox 533 2358 625 2440; x_wconf 87' lang='lat' dir='ltr'><strong>quod</strong></span> <span class='ocrx_word' id='word_1_140' title='bbox 643 2358 708 2420; x_wconf 90' lang='lat' dir='ltr'><strong>hoc</strong></span> <span class='ocrx_word' id='word_1_141' title='bbox 727 2374 912 2419; x_wconf 44' lang='lat' dir='ltr'><strong>necessumr</strong></span> <span class='ocrx_word' id='word_1_142' title='bbox 920 2357 969 2419; x_wconf 88' lang='lat' dir='ltr'><strong>sit</strong></span> <span class='ocrx_word' id='word_1_143' title='bbox 980 2355 1021 2419; x_wconf 87' lang='lat' dir='ltr'><strong>in</strong></span> <span class='ocrx_word' id='word_1_144' title='bbox 1037 2354 1103 2419; x_wconf 89' lang='lat' dir='ltr'><strong>fine</strong></span> <span class='ocrx_word' id='word_1_145' title='bbox 1119 2354 1305 2429; x_wconf 86' lang='lat' dir='ltr'><strong>Ecclesiae,</strong></span> <span class='ocrx_word' id='word_1_146' title='bbox 1325 2365 1363 2420; x_wconf 88' lang='lat' dir='ltr'><strong>ut</strong></span> <span class='ocrx_word' id='word_1_147' title='bbox 1380 2357 1484 2440; x_wconf 89' lang='lat' dir='ltr'><strong>aliqui</strong></span> 
     </span>
     <span class='ocr_line' id='line_1_19' title="bbox 360 2451 691 2516; baseline 0 -1"><span class='ocrx_word' id='word_1_148' title='bbox 360 2451 543 2516; x_wconf 86' lang='lat' dir='ltr'><strong>salventur.</strong></span> <span class='ocrx_word' id='word_1_149' title='bbox 687 2490 691 2499; x_wconf 86' lang='lat'>·</span> 
     </span>
    </p>

    <p class='ocr_par' dir='ltr' id='par_1_3' title="bbox 350 2544 1483 4698">
     <span class='ocr_line' id='line_1_20' title="bbox 361 2544 1483 2631; baseline 0.003 -24"><span class='ocrx_word' id='word_1_150' title='bbox 361 2586 366 2597; x_wconf 84' lang='lat'><strong>·</strong></span> <span class='ocrx_word' id='word_1_151' title='bbox 419 2548 523 2631; x_wconf 73' lang='lat'><strong>948.</strong></span> <span class='ocrx_word' id='word_1_152' title='bbox 548 2556 705 2626; x_wconf 55' lang='lat' dir='ltr'><strong>[versare]</strong></span> <span class='ocrx_word' id='word_1_153' title='bbox 728 2546 890 2628; x_wconf 68' lang='lat' dir='ltr'><strong>‘falesiae</strong></span> <span class='ocrx_word' id='word_1_154' title='bbox 911 2544 1042 2627; x_wconf 76' lang='lat' dir='ltr'><strong>injustos</strong></span> <span class='ocrx_word' id='word_1_155' title='bbox 1068 2544 1128 2609; x_wconf 79' lang='lat' dir='ltr'><strong>fiat</strong></span> <span class='ocrx_word' id='word_1_156' title='bbox 1150 2545 1262 2618; x_wconf 74' lang='lat' dir='ltr'><strong>edituo,</strong></span> <span class='ocrx_word' id='word_1_157' title='bbox 1284 2552 1319 2610; x_wconf 79' lang='lat' dir='ltr'><strong>ot</strong></span> <span class='ocrx_word' id='word_1_158' title='bbox 1338 2548 1483 2611; x_wconf 67' lang='lat' dir='ltr'><strong>midas</strong></span> 
     </span>
     <span class='ocr_line' id='line_1_21' title="bbox 358 2635 1482 2720; baseline -0.001 -19"><span class='ocrx_word' id='word_1_159' title='bbox 358 2640 526 2702; x_wconf 58' lang='lat' dir='ltr'><strong>seducat</strong></span> <span class='ocrx_word' id='word_1_160' title='bbox 544 2638 654 2710; x_wconf 70' lang='lat' dir='ltr'><strong>actuo,</strong></span> <span class='ocrx_word' id='word_1_161' title='bbox 670 2643 704 2701; x_wconf 84' lang='lat' dir='ltr'><strong>ot</strong></span> <span class='ocrx_word' id='word_1_162' title='bbox 715 2636 823 2720; x_wconf 74' lang='lat' dir='ltr'><strong>justus</strong></span> <span class='ocrx_word' id='word_1_163' title='bbox 833 2636 1030 2719; x_wconf 71' lang='lat' dir='ltr'><strong>jmtifr&#39;ootm·</strong></span> <span class='ocrx_word' id='word_1_164' title='bbox 1042 2635 1153 2708; x_wconf 79' lang='lat' dir='ltr'><strong>adhuc,</strong></span> <span class='ocrx_word' id='word_1_165' title='bbox 1168 2641 1204 2700; x_wconf 76' lang='lat' dir='ltr'><strong>ot</strong></span> <span class='ocrx_word' id='word_1_166' title='bbox 1220 2642 1351 2700; x_wconf 74' lang='lat' dir='ltr'><strong>amatus</strong></span> <span class='ocrx_word' id='word_1_167' title='bbox 1363 2639 1482 2702; x_wconf 65' lang='lat' dir='ltr'><strong>sanni-</strong></span> 
     </span>
     <span class='ocr_line' id='line_1_22' title="bbox 360 2727 1483 2810; baseline 0.003 -21"><span class='ocrx_word' id='word_1_168' title='bbox 360 2729 475 2792; x_wconf 71' lang='lat' dir='ltr'><strong>ficotr‘n·</strong></span> <span class='ocrx_word' id='word_1_169' title='bbox 489 2729 625 2800; x_wconf 56' lang='lat' dir='ltr'><strong>&amp;tuost</strong></span> <span class='ocrx_word' id='word_1_170' title='bbox 639 2727 809 2810; x_wconf 85' lang='lat' dir='ltr'><strong>significat</strong></span> <span class='ocrx_word' id='word_1_171' title='bbox 824 2736 954 2790; x_wconf 75' lang='lat' dir='ltr'><strong>statam</strong></span> <span class='ocrx_word' id='word_1_172' title='bbox 967 2727 1115 2790; x_wconf 79' lang='lat' dir='ltr'><strong>omnium</strong></span> <span class='ocrx_word' id='word_1_173' title='bbox 1129 2727 1167 2790; x_wconf 78' lang='lat' dir='ltr'><strong>in</strong></span> <span class='ocrx_word' id='word_1_174' title='bbox 1177 2727 1391 2807; x_wconf 77' lang='lat' dir='ltr'><strong>particrdari</strong></span> <span class='ocrx_word' id='word_1_175' title='bbox 1399 2739 1483 2810; x_wconf 78' lang='lat' dir='ltr'><strong>post</strong></span> 
     </span>
     <span class='ocr_line' id='line_1_23' title="bbox 357 2819 1481 2902; baseline 0.003 -20"><span class='ocrx_word' id='word_1_176' title='bbox 357 2831 505 2893; x_wconf 82' lang='lat' dir='ltr'><strong>mortem,</strong></span> <span class='ocrx_word' id='word_1_177' title='bbox 523 2831 557 2884; x_wconf 82' lang='lat' dir='ltr'><strong>et</strong></span> <span class='ocrx_word' id='word_1_178' title='bbox 572 2831 651 2884; x_wconf 82' lang='lat' dir='ltr'><strong>ante</strong></span> <span class='ocrx_word' id='word_1_179' title='bbox 666 2821 735 2902; x_wconf 73' lang='lat' dir='ltr'><strong>q&#39;us</strong></span> <span class='ocrx_word' id='word_1_180' title='bbox 741 2819 918 2902; x_wconf 62' lang='lat' dir='ltr'><strong>fidicinem,</strong></span> <span class='ocrx_word' id='word_1_181' title='bbox 938 2828 970 2882; x_wconf 84' lang='lat' dir='ltr'><strong>et</strong></span> <span class='ocrx_word' id='word_1_182' title='bbox 991 2819 1026 2881; x_wconf 80' lang='lat' dir='ltr'><strong>in</strong></span> <span class='ocrx_word' id='word_1_183' title='bbox 1043 2819 1207 2882; x_wconf 81' lang='lat' dir='ltr'><strong>communi</strong></span> <span class='ocrx_word' id='word_1_184' title='bbox 1221 2829 1298 2882; x_wconf 83' lang='lat' dir='ltr'><strong>ante</strong></span> <span class='ocrx_word' id='word_1_185' title='bbox 1320 2819 1481 2885; x_wconf 82' lang='lat' dir='ltr'><strong>Ultimum</strong></span> 
     </span>
     <span class='ocr_line' id='line_1_24' title="bbox 357 2913 1481 2997; baseline 0.002 -19"><span class='ocrx_word' id='word_1_186' title='bbox 357 2915 557 2989; x_wconf 56' lang='lat' dir='ltr'><strong>thdzuum</strong></span> <span class='ocrx_word' id='word_1_187' title='bbox 577 2915 667 2997; x_wconf 82' lang='lat' dir='ltr'><strong>quod</strong></span> <span class='ocrx_word' id='word_1_188' title='bbox 684 2915 755 2976; x_wconf 76' lang='lat' dir='ltr'><strong>illis</strong></span> <span class='ocrx_word' id='word_1_189' title='bbox 773 2913 834 2995; x_wconf 79' lang='lat' dir='ltr'><strong>qui</strong></span> <span class='ocrx_word' id='word_1_190' title='bbox 853 2914 887 2976; x_wconf 80' lang='lat' dir='ltr'><strong>in</strong></span> <span class='ocrx_word' id='word_1_191' title='bbox 909 2913 1011 2976; x_wconf 84' lang='lat' dir='ltr'><strong>malis</strong></span> <span class='ocrx_word' id='word_1_192' title='bbox 1029 2922 1108 2978; x_wconf 86' lang='lat' dir='ltr'><strong>sunt</strong></span> <span class='ocrx_word' id='word_1_193' title='bbox 1124 2913 1319 2994; x_wconf 79' lang='lat' dir='ltr'><strong>auferentur</strong></span> <span class='ocrx_word' id='word_1_194' title='bbox 1336 2914 1429 2990; x_wconf 80' lang='lat' dir='ltr'><strong>bona.</strong></span> <span class='ocrx_word' id='word_1_195' title='bbox 1448 2927 1481 2980; x_wconf 86' lang='lat' dir='ltr'><strong>et</strong></span> 
     </span>
     <span class='ocr_line' id='line_1_25' title="bbox 357 3006 1479 3091; baseline 0 -19"><span class='ocrx_word' id='word_1_196' title='bbox 357 3011 418 3091; x_wconf 82' lang='lat' dir='ltr'><strong>qm&#39;</strong></span> <span class='ocrx_word' id='word_1_197' title='bbox 433 3010 471 3072; x_wconf 80' lang='lat' dir='ltr'><strong>in</strong></span> <span class='ocrx_word' id='word_1_198' title='bbox 483 3010 593 3090; x_wconf 83' lang='lat' dir='ltr'><strong>salsis</strong></span> <span class='ocrx_word' id='word_1_199' title='bbox 611 3011 807 3088; x_wconf 80' lang='lat' dir='ltr'><strong>auferentur</strong></span> <span class='ocrx_word' id='word_1_200' title='bbox 822 3027 929 3081; x_wconf 81' lang='lat' dir='ltr'><strong>vera,·</strong></span> <span class='ocrx_word' id='word_1_201' title='bbox 951 3028 990 3070; x_wconf 85' lang='lat' dir='ltr'><strong>ac</strong></span> <span class='ocrx_word' id='word_1_202' title='bbox 1007 3006 1156 3071; x_wconf 62' lang='lat' dir='ltr'><strong>vacisst&#39;m</strong></span> <span class='ocrx_word' id='word_1_203' title='bbox 1174 3007 1264 3089; x_wconf 81' lang='lat' dir='ltr'><strong>quod</strong></span> <span class='ocrx_word' id='word_1_204' title='bbox 1276 3007 1346 3070; x_wconf 75' lang='lat' dir='ltr'><strong>illis</strong></span> <span class='ocrx_word' id='word_1_205' title='bbox 1365 3010 1426 3090; x_wconf 81' lang='lat' dir='ltr'><strong>qui</strong></span> <span class='ocrx_word' id='word_1_206' title='bbox 1444 3011 1479 3073; x_wconf 83' lang='lat' dir='ltr'><strong>in</strong></span> 
     </span>
     <span class='ocr_line' id='line_1_26' title="bbox 357 3101 1480 3184; baseline 0.001 -18"><span class='ocrx_word' id='word_1_207' title='bbox 357 3103 450 3167; x_wconf 81' lang='lat' dir='ltr'><strong>bonis</strong></span> <span class='ocrx_word' id='word_1_208' title='bbox 479 3114 558 3168; x_wconf 80' lang='lat' dir='ltr'><strong>sunt</strong></span> <span class='ocrx_word' id='word_1_209' title='bbox 588 3105 783 3184; x_wconf 73' lang='lat' dir='ltr'><strong>auferentur</strong></span> <span class='ocrx_word' id='word_1_210' title='bbox 811 3102 912 3174; x_wconf 78' lang='lat' dir='ltr'><strong>mala,</strong></span> <span class='ocrx_word' id='word_1_211' title='bbox 942 3111 975 3164; x_wconf 80' lang='lat' dir='ltr'><strong>et</strong></span> <span class='ocrx_word' id='word_1_212' title='bbox 1006 3101 1066 3183; x_wconf 75' lang='lat' dir='ltr'><strong>qui</strong></span> <span class='ocrx_word' id='word_1_213' title='bbox 1094 3101 1129 3164; x_wconf 81' lang='lat' dir='ltr'><strong>in</strong></span> <span class='ocrx_word' id='word_1_214' title='bbox 1162 3101 1252 3164; x_wconf 79' lang='lat' dir='ltr'><strong>veris</strong></span> <span class='ocrx_word' id='word_1_215' title='bbox 1283 3104 1480 3184; x_wconf 79' lang='lat' dir='ltr'><strong>auferentur</strong></span> 
     </span>
     <span class='ocr_line' id='line_1_27' title="bbox 353 3195 1479 3281; baseline 0.001 -19"><span class='ocrx_word' id='word_1_216' title='bbox 353 3199 571 3278; x_wconf 84' lang='lat' dir='ltr'><strong>falsa.-·—Per</strong></span> <span class='ocrx_word' id='word_1_217' title='bbox 586 3197 774 3279; x_wconf 84' lang='lat' dir='ltr'><strong>“injustum</strong></span> <span class='ocrx_word' id='word_1_218' title='bbox 782 3196 797 3222; x_wconf 88' lang='lat'><strong>”</strong></span> <span class='ocrx_word' id='word_1_219' title='bbox 812 3195 1021 3277; x_wconf 86' lang='lat' dir='ltr'><strong>significatur</strong></span> <span class='ocrx_word' id='word_1_220' title='bbox 1039 3197 1095 3278; x_wconf 89' lang='lat' dir='ltr'><strong>qui</strong></span> <span class='ocrx_word' id='word_1_221' title='bbox 1114 3198 1146 3258; x_wconf 94' lang='lat' dir='ltr'><strong>in</strong></span> <span class='ocrx_word' id='word_1_222' title='bbox 1166 3197 1262 3260; x_wconf 87' lang='lat' dir='ltr'><strong>malis</strong></span> <span class='ocrx_word' id='word_1_223' title='bbox 1281 3207 1344 3270; x_wconf 84' lang='lat' dir='ltr'><strong>est,</strong></span> <span class='ocrx_word' id='word_1_224' title='bbox 1364 3209 1399 3262; x_wconf 91' lang='lat' dir='ltr'><strong>et</strong></span> <span class='ocrx_word' id='word_1_225' title='bbox 1419 3219 1479 3281; x_wconf 88' lang='lat' dir='ltr'><strong>per</strong></span> 
     </span>
     <span class='ocr_line' id='line_1_28' title="bbox 358 3290 1475 3375; baseline 0.004 -23"><span class='ocrx_word' id='word_1_226' title='bbox 358 3299 378 3352; x_wconf 66' lang='grc' dir='ltr'><strong>ἐ*</strong></span> <span class='ocrx_word' id='word_1_227' title='bbox 383 3294 509 3373; x_wconf 89' lang='lat' dir='ltr'><strong>justum</strong></span> <span class='ocrx_word' id='word_1_228' title='bbox 518 3294 533 3318; x_wconf 91' lang='lat'><strong>&#39;’</strong></span> <span class='ocrx_word' id='word_1_229' title='bbox 545 3294 600 3375; x_wconf 90' lang='lat' dir='ltr'><strong>qui</strong></span> <span class='ocrx_word' id='word_1_230' title='bbox 616 3295 649 3356; x_wconf 91' lang='lat' dir='ltr'><strong>in</strong></span> <span class='ocrx_word' id='word_1_231' title='bbox 665 3294 762 3356; x_wconf 92' lang='lat' dir='ltr'><strong>bonis</strong></span> <span class='ocrx_word' id='word_1_232' title='bbox 775 3290 824 3373; x_wconf 91' lang='lat' dir='ltr'><strong>(n.</strong></span> <span class='ocrx_word' id='word_1_233' title='bbox 835 3290 929 3372; x_wconf 85' lang='lat'><strong>668);</strong></span> <span class='ocrx_word' id='word_1_234' title='bbox 954 3311 1012 3372; x_wconf 85' lang='lat' dir='ltr'><strong>per</strong></span> <span class='ocrx_word' id='word_1_235' title='bbox 1027 3291 1226 3354; x_wconf 90' lang='lat' dir='ltr'><strong>“sordidum</strong></span> <span class='ocrx_word' id='word_1_236' title='bbox 1235 3290 1249 3315; x_wconf 85' lang='lat'><strong>&#39;¹</strong></span> <span class='ocrx_word' id='word_1_237' title='bbox 1261 3302 1318 3354; x_wconf 90' lang='lat' dir='ltr'><strong>aut</strong></span> <span class='ocrx_word' id='word_1_238' title='bbox 1332 3293 1475 3357; x_wconf 89' lang='lat' dir='ltr'><strong>immun-</strong></span> 
     </span>
     <span class='ocr_line' id='line_1_29' title="bbox 356 3383 1476 3469; baseline 0.001 -20"><span class='ocrx_word' id='word_1_239' title='bbox 356 3387 436 3450; x_wconf 87' lang='lat' dir='ltr'><strong>dum</strong></span> <span class='ocrx_word' id='word_1_240' title='bbox 451 3387 725 3469; x_wconf 87' lang='lat' dir='ltr'><strong>significatur-qui</strong></span> <span class='ocrx_word' id='word_1_241' title='bbox 739 3389 775 3450; x_wconf 92' lang='lat' dir='ltr'><strong>in</strong></span> <span class='ocrx_word' id='word_1_242' title='bbox 790 3384 882 3449; x_wconf 83' lang='lat' dir='ltr'><strong>falsis</strong></span> <span class='ocrx_word' id='word_1_243' title='bbox 898 3383 1030 3466; x_wconf 82' lang='lat' dir='ltr'><strong>(n.·702‚</strong></span> <span class='ocrx_word' id='word_1_244' title='bbox 1041 3387 1114 3464; x_wconf 86' lang='lat'><em>708,</em></span> <span class='ocrx_word' id='word_1_245' title='bbox 1124 3384 1215 3466; x_wconf 82' lang='lat'><strong>924).</strong></span> <span class='ocrx_word' id='word_1_246' title='bbox 1229 3395 1264 3448; x_wconf 91' lang='lat' dir='ltr'><strong>et</strong></span> <span class='ocrx_word' id='word_1_247' title='bbox 1278 3405 1336 3466; x_wconf 90' lang='lat' dir='ltr'><strong>per</strong></span> <span class='ocrx_word' id='word_1_248' title='bbox 1347 3391 1476 3451; x_wconf 82' lang='lat' dir='ltr'><strong>“sanc-</strong></span> 
     </span>
     <span class='ocr_line' id='line_1_30' title="bbox 356 3477 1476 3564; baseline 0.001 -20"><span class='ocrx_word' id='word_1_249' title='bbox 356 3482 452 3544; x_wconf 84' lang='lat' dir='ltr'><strong>tum’&#39;</strong></span> <span class='ocrx_word' id='word_1_250' title='bbox 469 3482 676 3563; x_wconf 84' lang='lat' dir='ltr'><strong>significatur</strong></span> <span class='ocrx_word' id='word_1_251' title='bbox 694 3482 749 3564; x_wconf 92' lang='lat' dir='ltr'><strong>qui</strong></span> <span class='ocrx_word' id='word_1_252' title='bbox 767 3482 801 3544; x_wconf 92' lang='lat' dir='ltr'><strong>in</strong></span> <span class='ocrx_word' id='word_1_253' title='bbox 820 3479 907 3543; x_wconf 77' lang='lat' dir='ltr'><strong>veris</strong></span> <span class='ocrx_word' id='word_1_254' title='bbox 927 3477 975 3560; x_wconf 88' lang='lat' dir='ltr'><strong>(n.</strong></span> <span class='ocrx_word' id='word_1_255' title='bbox 999 3494 1067 3559; x_wconf 82' lang='lat'>173.</span> <span class='ocrx_word' id='word_1_256' title='bbox 1089 3478 1158 3560; x_wconf 87' lang='lat'><strong>586,</strong></span> <span class='ocrx_word' id='word_1_257' title='bbox 1175 3479 1249 3554; x_wconf 91' lang='grc'>666,</span> <span class='ocrx_word' id='word_1_258' title='bbox 1270 3478 1367 3561; x_wconf 84' lang='lat'><strong>852);</strong></span> <span class='ocrx_word' id='word_1_259' title='bbox 1397 3481 1476 3545; x_wconf 91' lang='lat' dir='ltr'><strong>inde</strong></span> 
     </span>
     <span class='ocr_line' id='line_1_31' title="bbox 355 3572 1475 3659; baseline 0.001 -21"><span class='ocrx_word' id='word_1_260' title='bbox 355 3577 504 3658; x_wconf 88' lang='lat' dir='ltr'><strong>sequitur</strong></span> <span class='ocrx_word' id='word_1_261' title='bbox 519 3577 609 3659; x_wconf 89' lang='lat' dir='ltr'><strong>quod</strong></span> <span class='ocrx_word' id='word_1_262' title='bbox 625 3595 684 3657; x_wconf 88' lang='grc' dir='ltr'><strong>ρετ</strong></span> <span class='ocrx_word' id='word_1_263' title='bbox 701 3574 870 3655; x_wconf 86' lang='lat' dir='ltr'><strong>“injustus</strong></span> <span class='ocrx_word' id='word_1_264' title='bbox 886 3573 1029 3653; x_wconf 90' lang='lat' dir='ltr'><strong>injustus</strong></span> <span class='ocrx_word' id='word_1_265' title='bbox 1045 3572 1104 3637; x_wconf 88' lang='lat' dir='ltr'><strong>fiat</strong></span> <span class='ocrx_word' id='word_1_266' title='bbox 1120 3573 1229 3636; x_wconf 88' lang='lat' dir='ltr'><strong>adhuc</strong></span> <span class='ocrx_word' id='word_1_267' title='bbox 1239 3572 1254 3597; x_wconf 91' lang='lat'><strong>”</strong></span> <span class='ocrx_word' id='word_1_268' title='bbox 1268 3573 1475 3656; x_wconf 87' lang='lat' dir='ltr'><strong>significetur</strong></span> 
     </span>
     <span class='ocr_line' id='line_1_32' title="bbox 354 3666 1475 3752; baseline 0.001 -21"><span class='ocrx_word' id='word_1_269' title='bbox 354 3670 445 3752; x_wconf 85' lang='lat' dir='ltr'><strong>quod</strong></span> <span class='ocrx_word' id='word_1_270' title='bbox 472 3672 528 3752; x_wconf 89' lang='lat' dir='ltr'><strong>qui</strong></span> <span class='ocrx_word' id='word_1_271' title='bbox 557 3671 591 3732; x_wconf 90' lang='lat' dir='ltr'><strong>in</strong></span> <span class='ocrx_word' id='word_1_272' title='bbox 617 3669 715 3732; x_wconf 88' lang='lat' dir='ltr'><strong>malis</strong></span> <span class='ocrx_word' id='word_1_273' title='bbox 742 3679 803 3732; x_wconf 80' lang='lat' dir='ltr'><strong>est·</strong></span> <span class='ocrx_word' id='word_1_274' title='bbox 823 3667 933 3731; x_wconf 90' lang='lat' dir='ltr'><strong>adhuc</strong></span> <span class='ocrx_word' id='word_1_275' title='bbox 961 3666 1037 3748; x_wconf 91' lang='lat' dir='ltr'><strong>plus</strong></span> <span class='ocrx_word' id='word_1_276' title='bbox 1064 3669 1099 3730; x_wconf 93' lang='lat' dir='ltr'><strong>in</strong></span> <span class='ocrx_word' id='word_1_277' title='bbox 1126 3667 1222 3730; x_wconf 88' lang='lat' dir='ltr'><strong>malis</strong></span> <span class='ocrx_word' id='word_1_278' title='bbox 1248 3669 1321 3742; x_wconf 84' lang='lat' dir='ltr'><strong>erit.</strong></span> <span class='ocrx_word' id='word_1_279' title='bbox 1349 3679 1385 3734; x_wconf 88' lang='lat' dir='ltr'><strong>et</strong></span> <span class='ocrx_word' id='word_1_280' title='bbox 1416 3689 1475 3752; x_wconf 90' lang='lat' dir='ltr'><strong>per</strong></span> 
     </span>
     <span class='ocr_line' id='line_1_33' title="bbox 356 3760 1473 3844; baseline 0 -18"><span class='ocrx_word' id='word_1_281' title='bbox 356 3765 539 3827; x_wconf 89' lang='lat' dir='ltr'><strong>“sordidus</strong></span> <span class='ocrx_word' id='word_1_282' title='bbox 557 3764 735 3827; x_wconf 83' lang='lat' dir='ltr'><strong>sordescat</strong></span> <span class='ocrx_word' id='word_1_283' title='bbox 754 3761 890 3826; x_wconf 83' lang='lat' dir='ltr'><strong>adhuc”</strong></span> <span class='ocrx_word' id='word_1_284' title='bbox 909 3760 1119 3842; x_wconf 84' lang='lat' dir='ltr'><strong>significetur</strong></span> <span class='ocrx_word' id='word_1_285' title='bbox 1137 3761 1301 3844; x_wconf 86' lang='lat' dir='ltr'><strong>quodqui</strong></span> <span class='ocrx_word' id='word_1_286' title='bbox 1324 3763 1357 3826; x_wconf 91' lang='lat' dir='ltr'><strong>in</strong></span> <span class='ocrx_word' id='word_1_287' title='bbox 1381 3763 1473 3826; x_wconf 89' lang='lat' dir='ltr'><strong>falsis</strong></span> 
     </span>
     <span class='ocr_line' id='line_1_34' title="bbox 354 3855 1473 3940; baseline 0.001 -20"><span class='ocrx_word' id='word_1_288' title='bbox 354 3869 407 3921; x_wconf 89' lang='lat' dir='ltr'><strong>est</strong></span> <span class='ocrx_word' id='word_1_289' title='bbox 426 3859 536 3920; x_wconf 90' lang='lat' dir='ltr'><strong>adhuc</strong></span> <span class='ocrx_word' id='word_1_290' title='bbox 556 3857 631 3940; x_wconf 90' lang='lat' dir='ltr'><strong>plus</strong></span> <span class='ocrx_word' id='word_1_291' title='bbox 649 3858 682 3920; x_wconf 92' lang='lat' dir='ltr'><strong>in</strong></span> <span class='ocrx_word' id='word_1_292' title='bbox 701 3855 793 3920; x_wconf 86' lang='lat' dir='ltr'><strong>falsis</strong></span> <span class='ocrx_word' id='word_1_293' title='bbox 812 3857 896 3932; x_wconf 86' lang='lat' dir='ltr'><strong>erit;</strong></span> <span class='ocrx_word' id='word_1_294' title='bbox 920 3865 955 3918; x_wconf 88' lang='lat' dir='ltr'><strong>et</strong></span> <span class='ocrx_word' id='word_1_295' title='bbox 975 3856 1134 3930; x_wconf 88' lang='lat' dir='ltr'><strong>vicissim,</strong></span> <span class='ocrx_word' id='word_1_296' title='bbox 1151 3856 1241 3938; x_wconf 89' lang='lat' dir='ltr'><strong>quod</strong></span> <span class='ocrx_word' id='word_1_297' title='bbox 1260 3876 1320 3938; x_wconf 90' lang='lat' dir='ltr'><strong>per</strong></span> <span class='ocrx_word' id='word_1_298' title='bbox 1337 3855 1473 3938; x_wconf 87' lang='lat' dir='ltr'><strong>“justus</strong></span> 
     </span>
     <span class='ocr_line' id='line_1_35' title="bbox 350 3949 1473 4032; baseline 0.001 -19"><span class='ocrx_word' id='word_1_299' title='bbox 350 3950 556 4032; x_wconf 82' lang='lat' dir='ltr'><strong>justificetur</strong></span> <span class='ocrx_word' id='word_1_300' title='bbox 577 3951 713 4014; x_wconf 87' lang='lat' dir='ltr'><strong>adhuc’&#39;</strong></span> <span class='ocrx_word' id='word_1_301' title='bbox 735 3949 947 4032; x_wconf 86' lang='lat' dir='ltr'><strong>significetur</strong></span> <span class='ocrx_word' id='word_1_302' title='bbox 967 3950 1056 4031; x_wconf 90' lang='lat' dir='ltr'><strong>quod</strong></span> <span class='ocrx_word' id='word_1_303' title='bbox 1081 3952 1135 4032; x_wconf 90' lang='lat' dir='ltr'><strong>qui</strong></span> <span class='ocrx_word' id='word_1_304' title='bbox 1159 3952 1192 4012; x_wconf 93' lang='lat' dir='ltr'><strong>in</strong></span> <span class='ocrx_word' id='word_1_305' title='bbox 1215 3951 1313 4014; x_wconf 89' lang='lat' dir='ltr'><strong>bonis</strong></span> <span class='ocrx_word' id='word_1_306' title='bbox 1336 3962 1389 4015; x_wconf 91' lang='lat' dir='ltr'><strong>est</strong></span> <span class='ocrx_word' id='word_1_307' title='bbox 1412 3953 1473 4014; x_wconf 87' lang='lat' dir='ltr'><strong>ad·</strong></span> 
     </span>
     <span class='ocr_line' id='line_1_36' title="bbox 352 4040 1472 4127; baseline 0.002 -19"><span class='ocrx_word' id='word_1_308' title='bbox 352 4045 418 4108; x_wconf 89' lang='lat' dir='ltr'><strong>huc</strong></span> <span class='ocrx_word' id='word_1_309' title='bbox 434 4046 508 4127; x_wconf 90' lang='lat' dir='ltr'><strong>plus</strong></span> <span class='ocrx_word' id='word_1_310' title='bbox 526 4045 673 4109; x_wconf 90' lang='lat' dir='ltr'><strong>inbonis</strong></span> <span class='ocrx_word' id='word_1_311' title='bbox 692 4046 765 4120; x_wconf 87' lang='lat' dir='ltr'><strong>erit,</strong></span> <span class='ocrx_word' id='word_1_312' title='bbox 782 4055 817 4108; x_wconf 88' lang='lat' dir='ltr'><strong>et</strong></span> <span class='ocrx_word' id='word_1_313' title='bbox 836 4063 896 4126; x_wconf 86' lang='lat' dir='ltr'><strong>per</strong></span> <span class='ocrx_word' id='word_1_314' title='bbox 913 4040 1078 4106; x_wconf 66' lang='lat' dir='ltr'><strong>“sanctus</strong></span> <span class='ocrx_word' id='word_1_315' title='bbox 1094 4041 1321 4109; x_wconf 65' lang='lat' dir='ltr'><strong>sanctificetur</strong></span> <span class='ocrx_word' id='word_1_316' title='bbox 1336 4046 1447 4111; x_wconf 86' lang='lat' dir='ltr'><strong>adhuc</strong></span> <span class='ocrx_word' id='word_1_317' title='bbox 1457 4046 1472 4070; x_wconf 92' lang='grc'>”</span> 
     </span>
     <span class='ocr_line' id='line_1_37' title="bbox 353 4138 1472 4223; baseline 0.001 -20"><span class='ocrx_word' id='word_1_318' title='bbox 353 4140 562 4221; x_wconf 83' lang='lat' dir='ltr'><strong>significetur</strong></span> <span class='ocrx_word' id='word_1_319' title='bbox 578 4140 669 4223; x_wconf 82' lang='lat' dir='ltr'><strong>quod</strong></span> <span class='ocrx_word' id='word_1_320' title='bbox 687 4141 743 4222; x_wconf 92' lang='lat' dir='ltr'><strong>qui</strong></span> <span class='ocrx_word' id='word_1_321' title='bbox 765 4140 798 4202; x_wconf 96' lang='lat' dir='ltr'><strong>in</strong></span> <span class='ocrx_word' id='word_1_322' title='bbox 818 4141 906 4202; x_wconf 87' lang='lat' dir='ltr'><strong>veris</strong></span> <span class='ocrx_word' id='word_1_323' title='bbox 929 4148 982 4201; x_wconf 87' lang='lat' dir='ltr'><strong>est</strong></span> <span class='ocrx_word' id='word_1_324' title='bbox 1005 4138 1113 4201; x_wconf 88' lang='lat' dir='ltr'><strong>adhuc</strong></span> <span class='ocrx_word' id='word_1_325' title='bbox 1137 4138 1211 4220; x_wconf 90' lang='lat' dir='ltr'><strong>plus</strong></span> <span class='ocrx_word' id='word_1_326' title='bbox 1233 4139 1267 4202; x_wconf 88' lang='lat' dir='ltr'><strong>in</strong></span> <span class='ocrx_word' id='word_1_327' title='bbox 1288 4141 1377 4203; x_wconf 86' lang='lat' dir='ltr'><strong>veris</strong></span> <span class='ocrx_word' id='word_1_328' title='bbox 1398 4143 1472 4204; x_wconf 88' lang='lat' dir='ltr'><strong>erit.</strong></span> 
     </span>
     <span class='ocr_line' id='line_1_38' title="bbox 354 4230 1473 4316; baseline 0.002 -20"><span class='ocrx_word' id='word_1_329' title='bbox 354 4233 454 4315; x_wconf 83' lang='lat' dir='ltr'><strong>Quod</strong></span> <span class='ocrx_word' id='word_1_330' title='bbox 473 4245 587 4299; x_wconf 86' lang='lat' dir='ltr'><strong>autem</strong></span> <span class='ocrx_word' id='word_1_331' title='bbox 606 4233 812 4316; x_wconf 86' lang='lat' dir='ltr'><strong>significetur</strong></span> <span class='ocrx_word' id='word_1_332' title='bbox 830 4233 920 4315; x_wconf 89' lang='lat' dir='ltr'><strong>quod</strong></span> <span class='ocrx_word' id='word_1_333' title='bbox 940 4233 996 4314; x_wconf 92' lang='lat' dir='ltr'><strong>qui</strong></span> <span class='ocrx_word' id='word_1_334' title='bbox 1018 4233 1051 4296; x_wconf 94' lang='lat' dir='ltr'><strong>in</strong></span> <span class='ocrx_word' id='word_1_335' title='bbox 1071 4230 1168 4294; x_wconf 87' lang='lat' dir='ltr'><strong>malis</strong></span> <span class='ocrx_word' id='word_1_336' title='bbox 1186 4242 1264 4296; x_wconf 92' lang='lat' dir='ltr'><strong>sunt</strong></span> <span class='ocrx_word' id='word_1_337' title='bbox 1283 4233 1473 4298; x_wconf 87' lang='lat' dir='ltr'><strong>auferentur</strong></span> 
     </span>
     <span class='ocr_line' id='line_1_39' title="bbox 352 4327 1471 4412; baseline 0.001 -20"><span class='ocrx_word' id='word_1_338' title='bbox 352 4331 453 4402; x_wconf 86' lang='lat' dir='ltr'><strong>bona,</strong></span> <span class='ocrx_word' id='word_1_339' title='bbox 472 4339 508 4392; x_wconf 87' lang='lat' dir='ltr'><strong>et</strong></span> <span class='ocrx_word' id='word_1_340' title='bbox 530 4331 586 4412; x_wconf 93' lang='lat' dir='ltr'><strong>qui</strong></span> <span class='ocrx_word' id='word_1_341' title='bbox 608 4331 641 4393; x_wconf 92' lang='lat' dir='ltr'><strong>in</strong></span> <span class='ocrx_word' id='word_1_342' title='bbox 659 4327 751 4391; x_wconf 87' lang='lat' dir='ltr'><strong>falsis</strong></span> <span class='ocrx_word' id='word_1_343' title='bbox 769 4327 960 4392; x_wconf 79' lang='lat' dir='ltr'><strong>auferentur</strong></span> <span class='ocrx_word' id='word_1_344' title='bbox 979 4349 1068 4402; x_wconf 78' lang='lat' dir='ltr'><strong>vera,</strong></span> <span class='ocrx_word' id='word_1_345' title='bbox 1088 4337 1122 4390; x_wconf 90' lang='lat' dir='ltr'><strong>et</strong></span> <span class='ocrx_word' id='word_1_346' title='bbox 1141 4329 1288 4392; x_wconf 89' lang='lat' dir='ltr'><strong>vicissim</strong></span> <span class='ocrx_word' id='word_1_347' title='bbox 1306 4329 1397 4412; x_wconf 90' lang='lat' dir='ltr'><strong>quod</strong></span> <span class='ocrx_word' id='word_1_348' title='bbox 1416 4333 1471 4412; x_wconf 92' lang='lat' dir='ltr'><strong>qui</strong></span> 
     </span>
     <span class='ocr_line' id='line_1_40' title="bbox 352 4422 1472 4505; baseline 0.004 -22"><span class='ocrx_word' id='word_1_349' title='bbox 352 4422 386 4483; x_wconf 91' lang='lat' dir='ltr'><strong>in</strong></span> <span class='ocrx_word' id='word_1_350' title='bbox 409 4422 508 4485; x_wconf 86' lang='lat' dir='ltr'><strong>bonis</strong></span> <span class='ocrx_word' id='word_1_351' title='bbox 528 4433 607 4486; x_wconf 88' lang='lat' dir='ltr'><strong>sunt</strong></span> <span class='ocrx_word' id='word_1_352' title='bbox 630 4423 820 4487; x_wconf 79' lang='lat' dir='ltr'><strong>auferentur</strong></span> <span class='ocrx_word' id='word_1_353' title='bbox 844 4423 944 4496; x_wconf 85' lang='lat' dir='ltr'><strong>mala,</strong></span> <span class='ocrx_word' id='word_1_354' title='bbox 968 4432 1003 4486; x_wconf 92' lang='lat' dir='ltr'><strong>et</strong></span> <span class='ocrx_word' id='word_1_355' title='bbox 1030 4424 1086 4505; x_wconf 93' lang='lat' dir='ltr'><strong>qui</strong></span> <span class='ocrx_word' id='word_1_356' title='bbox 1112 4425 1144 4484; x_wconf 94' lang='lat' dir='ltr'><strong>in</strong></span> <span class='ocrx_word' id='word_1_357' title='bbox 1171 4424 1258 4486; x_wconf 91' lang='lat' dir='ltr'><strong>veris</strong></span> <span class='ocrx_word' id='word_1_358' title='bbox 1281 4423 1472 4488; x_wconf 79' lang='lat' dir='ltr'><strong>auferentur</strong></span> 
     </span>
     <span class='ocr_line' id='line_1_41' title="bbox 351 4514 1471 4599; baseline 0.003 -21"><span class='ocrx_word' id='word_1_359' title='bbox 351 4514 519 4591; x_wconf 47' lang='lat' dir='ltr'><strong>falsafest</strong></span> <span class='ocrx_word' id='word_1_360' title='bbox 542 4518 619 4598; x_wconf 85' lang='lat' dir='ltr'><strong>quia</strong></span> <span class='ocrx_word' id='word_1_361' title='bbox 642 4527 814 4599; x_wconf 89' lang='lat' dir='ltr'><strong>quantum·</strong></span> <span class='ocrx_word' id='word_1_362' title='bbox 827 4516 929 4580; x_wconf 83' lang='lat' dir='ltr'><strong>alicui</strong></span> <span class='ocrx_word' id='word_1_363' title='bbox 949 4517 1005 4599; x_wconf 90' lang='lat' dir='ltr'><strong>qui</strong></span> <span class='ocrx_word' id='word_1_364' title='bbox 1027 4517 1060 4581; x_wconf 91' lang='lat' dir='ltr'><strong>in</strong></span> <span class='ocrx_word' id='word_1_365' title='bbox 1084 4515 1180 4580; x_wconf 86' lang='lat' dir='ltr'><strong>malis</strong></span> <span class='ocrx_word' id='word_1_366' title='bbox 1203 4526 1256 4580; x_wconf 86' lang='lat' dir='ltr'><strong>est</strong></span> <span class='ocrx_word' id='word_1_367' title='bbox 1278 4517 1471 4582; x_wconf 85' lang='lat' dir='ltr'><strong>auferuntur</strong></span> 
     </span>
     <span class='ocr_line' id='line_1_42' title="bbox 351 4609 1469 4698; baseline 0.004 -26"><span class='ocrx_word' id='word_1_368' title='bbox 351 4610 442 4672; x_wconf 87' lang='lat' dir='ltr'><strong>bona</strong></span> <span class='ocrx_word' id='word_1_369' title='bbox 464 4619 598 4674; x_wconf 86' lang='lat' dir='ltr'><strong>tantum</strong></span> <span class='ocrx_word' id='word_1_370' title='bbox 625 4610 701 4692; x_wconf 90' lang='lat' dir='ltr'><strong>plus</strong></span> <span class='ocrx_word' id='word_1_371' title='bbox 726 4611 760 4673; x_wconf 92' lang='lat' dir='ltr'><strong>in</strong></span> <span class='ocrx_word' id='word_1_372' title='bbox 783 4609 880 4674; x_wconf 81' lang='lat' dir='ltr'><strong>malis</strong></span> <span class='ocrx_word' id='word_1_373' title='bbox 903 4621 968 4688; x_wconf 89' lang='lat' dir='ltr'><strong>est,</strong></span> <span class='ocrx_word' id='word_1_374' title='bbox 992 4621 1026 4675; x_wconf 87' lang='lat' dir='ltr'><strong>et</strong></span> <span class='ocrx_word' id='word_1_375' title='bbox 1049 4621 1213 4693; x_wconf 84' lang='lat' dir='ltr'><strong>quantum</strong></span> <span class='ocrx_word' id='word_1_376' title='bbox 1235 4611 1333 4679; x_wconf 84' lang='lat' dir='ltr'><strong>alicui</strong></span> <span class='ocrx_word' id='word_1_377' title='bbox 1355 4613 1411 4698; x_wconf 85' lang='lat' dir='ltr'><strong>qui</strong></span> <span class='ocrx_word' id='word_1_378' title='bbox 1436 4613 1469 4676; x_wconf 94' lang='lat' dir='ltr'><strong>in</strong></span> 
     </span>
    </p>
   </div>
   <div class='ocr_carea' id='block_1_3' title="bbox 0 0 1696 5400">
    <p class='ocr_par' dir='ltr' id='par_1_4' title="bbox 0 0 1696 5400">
     <span class='ocr_line' id='line_1_43' title="bbox 0 0 1696 5400; baseline 0 5"><span class='ocrx_word' id='word_1_379' title='bbox 0 0 1696 5400; x_wconf 95' lang='lat' dir='ltr'><strong> </strong></span> 
     </span>
    </p>
   </div>
  </div>
 </body>
</html>
