3384 5400
317 641 380 724 564
635 657 883 708 arocsnvrsrs
907 658 1117 708 ravennas.

315 828 464 911 “plagas
487 828 622 892 ultimas
631 828 646 853 ”
664 827 895 910 significantur
916 828 975 892 illa
996 809 1031 892 in
1053 829 1174 894 ultimo
1195 839 1289 894 statu
1311 829 1434 895 Eccle-

314 924 402 1001 siae;
426 943 485 1006 per
505 927 665 1004 “septem
675 922 690 946 ”
708 921 940 1004 significantur
957 924 1071 986 omnia
1091 922 1137 1004 (n.
1158 939 1205 997 10,
1224 921 1350 1007 39ol¹¹):
1375 926 1435 989 sed

313 1019 391 1100 quia
408 1017 466 1080 illa
484 1016 584 1091 mala,
603 1037 689 1099 quae
708 1015 938 1098 significantur
957 1038 1015 1099 per
1032 1017 1179 1100 “plagas
1187 1016 1202 1041 ”
1218 1021 1251 1080 in
1270 1031 1436 1101 sequente

313 1113 435 1194 capite,
453 1131 521 1174 non
537 1121 615 1174 sunt
632 1112 745 1174 omnia
760 1112 793 1173 in
809 1112 932 1193 specie,
949 1111 1009 1174 sed
1025 1122 1103 1175 sunt
1120 1113 1233 1174 omnia
1247 1113 1281 1176 in
1297 1133 1434 1195 genere,

313 1227 373 1288 per
393 1211 552 1287 “septem
561 1205 575 1230 ”
591 1205 644 1269 hic
663 1203 894 1286 significantur
909 1207 1023 1269 omnia
1041 1205 1283 1280 universaliter,
1300 1208 1434 1270 univer·

313 1301 394 1386 sale
411 1303 499 1364 enim
527 1297 762 1381 compleilitur
788 1301 903 1363 omnia
928 1303 961 1363 in
988 1303 1109 1381 specie.
1164 1301 1220 1364 Ex
1247 1301 1299 1364 his
1325 1310 1434 1382 patet,

314 1396 404 1476 quod
428 1416 487 1477 per
510 1395 606 1458 “vidi
628 1404 760 1475 septem
783 1393 941 1476 Angelos
966 1395 1132 1458 habentes
1158 1405 1290 1478 septem
1314 1395 1435 1478 plagas

314 1490 450 1553 ultimas
458 1489 473 1515 '’
491 1487 698 1570 significetur
713 1487 802 1569 quod
822 1487 911 1552 mala
929 1497 964 1552 et
983 1488 1067 1551 salsa
1084 1490 1118 1551 in
1138 1489 1304 1564 Ecclesia,
1321 1490 1434 1574 qualia

313 1586 347 1648 in
372 1585 490 1647 ultimo
512 1583 582 1664 ejus
605 1591 697 1645 statu
720 1592 809 1656 sunt,
829 1604 849 1645 a
873 1582 1021 1646 Domino
1044 1584 1276 1648 universaliter
1296 1582 1435 1648 dete8ta

314 1681 391 1742 sint.
448 1676 548 1758 Quod
573 1677 722 1758 “plagae
731 1675 745 1700 ’'
769 1675 960 1758 significent
983 1676 1102 1758 plagas
1125 1678 1324 1760 spirituales,
1347 1699 1434 1761 quae

314 1773 467 1836 homines
494 1771 604 1854 quoad
631 1771 759 1833 animas
786 1790 901 1834 eorum
927 1770 1077 1835 afficiunt
1107 1782 1142 1835 et
1172 1772 1247 1835 illas
1277 1771 1433 1854 p'erdunt,

314 1887 401 1952 quae
429 1876 507 1929 sunt
535 1863 625 1927 mala
653 1874 688 1927 et
717 1864 811 1938 salsa,
839 1875 997 1928 constare
1026 1875 1141 1946 potest
1168 1886 1189 1928 a
1217 1868 1434 1948 sequentibus

314 1962 415 2026 locis:

365 2119 416 2168 “A
433 2119 496 2168 vola
516 2119 592 2180 pedis
609 2132 692 2181 usque
710 2116 744 2166 ad
764 2125 844 2179 caput
861 2132 917 2166 non
934 2117 1082 2179 integritas,
1104 2117 1188 2181 Plaga
1205 2133 1299 2169 recens
1316 2134 1372 2170 non
1389 2135 1436 2170 ex·

444 2197 553 2248 pressa;
571 2197 626 2232 non
639 2183 765 2246 obligata,
778 2197 832 2232 non
845 2182 987 2232 emollita”
996 2183 1080 2247 (Esaj.
1093 2184 1109 2233 i.
1121 2184 1163 2245 6);

380 2251 485 2300 ehovah
500 2250 638 2312 “percutit
649 2249 762 2312 populos
775 2263 834 2300 curn
848 2249 888 2297 ira
901 2249 985 2312 Plaga
996 2264 1052 2298 non
1062 2249 1196 2300 curabili.”
1205 2249 1289 2315 (Esaj.
1301 2251 1356 2301 xiv.
1364 2251 1406 2313 6);

381 2315 494 2375 ehovah,
512 2317 528 2338 ‘¹
536 2329 645 2363 remove
657 2314 772 2377 desuper
784 2329 826 2362 rne
840 2313 950 2376 Plagam
964 2313 1050 2363 Tuam
1061 2329 1067 2375 ;
1084 2330 1101 2364 a
1112 2313 1239 2365 conflictu
1251 2331 1347 2366 manus
1359 2316 1434 2366 Tuae

444 2396 496 2443 ego
507 2394 651 2430 consumor
661 2379 675 2398 ”
685 2378 792 2442 (psalm.
804 2380 894 2429 xxxix.
908 2391 936 2428 11
952 2377 997 2494 [¹8.
1009 2381 1044 2430 A.
1056 2377 1125 2444 10]);

366 2447 571 2510 “Desperatum
589 2455 631 2494 est
647 2443 824 2496 conlradlioni
843 2454 913 2505 tuae,
935 2446 1020 2508 Paga
1036 2447 1123 2496 bostis
1143 2447 1263 2509 percussi
1280 2457 1307 2497 te
1323 2458 1434 2511 propter

445 2511 642 2562 multitudinem
652 2511 798 2574 iniquitatis
815 2520 886 2567 tuae,
897 2512 1013 2574 plurima
1024 2510 1096 2561 laeta
1106 2521 1171 2562 sunt
1182 2522 1291 2576 peccata
1302 2525 1348 2563 tua
1360 2531 1366 2564 :
1384 2515 1433 2564 sed

444 2592 462 2627 a
474 2577 563 2639 Plagis
576 2576 628 2624 tuis
640 2577 743 2624 sanabo
754 2586 781 2625 te
790 2576 804 2596 '¹
813 2576 921 2640 (ἵστω.
933 2591 995 2626 xxx.
1010 2588 1049 2636 ra,
1061 2589 1100 2636 14,
1114 2577 1169 2638 17);

366 2647 383 2667 ¹·
390 2643 417 2693 Si
430 2657 485 2692 non
495 2641 650 2692 custodiens
661 2641 748 2690 lacere
759 2643 854 2692 omnia
864 2644 947 2691 verba
959 2642 1048 2706 Legis,
1059 2644 1196 2693 mirabiles
1208 2645 1302 2694 reddet
1309 2643 1433 2710 Jehovah

447 2710 543 2772 Plagas
553 2718 623 2765 tuas,
636 2707 732 2769 Plagae
742 2724 855 2771 magnas
864 2719 892 2758 et
903 2719 1068 2768 constantes,
1079 2721 1106 2759 et
1117 2725 1226 2759 ornnem
1241 2710 1352 2773 Plagam
1364 2726 1433 2775 quae

445 2773 647 2904 ponpcrippapn
663 2774 731 2823 libro
740 2773 817 2836 Legis
827 2774 916 2837 hujus,
927 2775 1083 2839 usquedum
1094 2776 1213 2838 perdaris
1220 2774 1330 2838 ''lDeut
1339 2777 1431 2829 xxviii.

461 2842 499 2899 58.
527 2852 538 2899 5
559 2877 565 2894 ·
596 2850 607 2885 1
629 2850 636 2895 i

365 2904 453 2955 “Non
466 2854 582 2955 incurlet
591 2904 618 2951 in
632 2912 657 2951 te
669 2903 777 2963 malurn,
789 2915 816 2954 et
827 2904 911 2969 Plaga
922 2920 976 2954 non
993 2906 1219 2971 appropinquabit
1235 2907 1270 2957 ad
1287 2908 1432 2959 tentorium

444 2980 518 3020 tuum
528 2969 542 2990 ”
554 2968 662 3029 (Psalm.
675 2970 724 3019 xci.
738 2968 795 3032 10);

365 3034 449 3085 “Erit
462 3036 581 3085 Edomus
593 3034 621 3083 ln
630 3032 834 3095 desolationem,
843 3036 934 3084 omnis
946 3036 1080 3086 transiens
1091 3037 1209 3086 sibilabit
1217 3039 1431 3101 superomnibus

446 3101 536 3163 Plagis
548 3101 607 3163 ejus
618 3098 632 3118 ''
642 3098 749 3164 (Jerem,
762 3101 823 3151 xlix.
837 3103 894 3162 17);

365 3166 448 3216 “Erit
459 3168 625 3226 devastatio;
643 3166 731 3215 omnis
747 3166 881 3216 transiens
899 3176 1004 3229 praeter
1021 3165 1148 3216 Babelem
1166 3169 1344 3231 obstupescet,
1359 3178 1386 3218 et
1397 3170 1432 3219 si·

444 3232 538 3281 bilabit
550 3247 630 3294 super
642 3232 767 3281 omnibus
781 3231 871 3294 Plagis
882 3230 942 3294 ejus
950 3231 965 3251 ”
977 3231 1084 3297 (erm
1096 3232 1113 3281 l.
1127 3232 1183 3294 13);

365 3298 422 3359 '‘,In
435 3313 490 3347 una
500 3298 543 3347 die
555 3298 665 3347 venient
678 3298 776 3359 Plagae
785 3295 798 3317 ''
810 3296 943 3360 Babyloni
954 3297 1041 3361 (Apoc.
1051 3298 1124 3348 xviii.
1137 3299 1178 3359 8);

364 3363 425 3413 Duo
436 3363 460 3413 T
462 3372 533 3412 estes
548 3364 720 3425 “percutient
733 3372 830 3411 terram
843 3363 918 3411 omni
932 3362 1016 3425 Plaga
1022 3362 1036 3382 ''
1048 3362 1134 3427 (Apoc.
1146 3365 1182 3414 xl.
1194 3364 1228 3426 ὁ).

314 3525 376 3589 Per
402 3524 520 3606 plagas
547 3523 711 3606 Aegypti,
738 3545 823 3607 quae
850 3524 962 3606 quoad
990 3534 1122 3606 partem
1148 3525 1274 3590 similes
1299 3526 1431 3592 fuerunt

314 3620 424 3701 plagis
443 3620 618 3701 descriptis
641 3621 673 3681 in
698 3629 861 3701 sequente
884 3620 1005 3701 capite,
1026 3640 1088 3682 nec
1112 3620 1199 3683 aliud
1219 3642 1319 3703 quarn
1342 3622 1432 3686 mala

313 3724 349 3777 et
370 3713 453 3777 salsa
469 3711 715 3795 significatu&
739 3735 821 3796 quas
838 3713 957 3796 plagas
973 3724 1186 3778 enumeratas
1202 3717 1317 3779 videas
1332 3736 1432 3799 supra

315 3805 362 3889 (n.
384 3806 479 3891 503);
503 3818 668 3871 vocantur
685 3809 787 3872 etiam
807 3807 884 3871 illae

609 3978 626 4000 ‘¹
636 3975 756 4053 Plagae”
768 3974 861 4037 (Exod.
872 3976 907 4025 ix.
921 3988 951 4036 14
961 3990 968 4036 ;
984 3989 1042 4038 cap.
1053 3976 1089 4027 xl.
1102 3977 1134 4038 1).

314 4144 371 4207 Ex
394 4143 446 4207 his
469 4153 575 4225 patet,
595 4144 684 4225 quod
708 4163 767 4225 per
789 4141 960 4225 “plagas”
983 4163 1051 4207 non
1073 4145 1163 4207 aliud
1186 4165 1286 4227 quam
1309 4146 1431 4229 plagae

313 4237 513 4319 spirituales,
534 4258 619 4319 quae
638 4236 786 4301 afficiunt
808 4237 963 4301 homines
981 4238 1092 4320 quoad
1115 4241 1244 4302 animas
1262 4260 1376 4303 eorum
1394 4250 1430 4304 et

314 4329 459 4413 perdunt
478 4329 562 4406 illos,
583 4329 808 4411 significetur;
832 4342 869 4395 ut
887 4352 1020 4414 quoque

362 4492 435 4556 Esaj.
445 4505 507 4569 axx.
517 4492 564 4549 26;
584 4492 657 4541 Such.
667 4492 720 4541 xiv.
731 4504 769 4550 ra,
780 4504 808 4553 15
820 4507 826 4551 ;
844 4493 944 4572 Psalm.
952 4494 1060 4544 xxxviii.
1069 4494 1093 4553 6,
1103 4507 1133 4543 12
1146 4490 1230 4559 [BA.
1241 4508 1263 4556 5,
1275 4492 1317 4561 11]
1328 4511 1334 4555 ς
1352 4497 1428 4561 Apoc.

442 4554 563 4673 prmaeivlff
574 4572 637 4684 ppp.
645 4557 767 4674 3:¹¹3:
788 4558 870 4609 Exad.
885 4558 929 4607 xil.
943 4570 990 4619 133
1007 4571 1194 4622 cap.xxx.1a;
1216 4556 1430 4622 Num.xi.331⁴l;
