3384 5400
546 686 626 737 CAP.
644 684 1026 738 xxt-Mttttoltauiffi

220 856 304 924 xiii.):
316 866 347 911 et
355 854 484 911 locosoli
493 866 557 911 erat
565 856 649 926 palus
658 854 687 909 in
696 871 756 926 qua

222 937 384 991 multitudo
407 953 559 1000 ranarum;
589 946 620 991 et
640 934 753 990 dietum

220 1028 265 1072 est
279 1018 361 1079 mihi,
374 1018 456 1089 quod
475 1018 531 1071 sub
549 1017 657 1086 palude
676 1027 755 1072 esset

221 1097 308 1168 lapis
330 1114 457 1168 magnus
481 1112 593 1159 caesus.
615 1098 671 1153 sub
692 1113 754 1168 quo

219 1178 330 1247 jaceret
355 1178 487 1233 Verbum
516 1179 592 1233 bene
618 1178 754 1234 recondi·

219 1269 292 1313 turn.

256 1338 313 1395 His
324 1338 405 1401 visis,
415 1338 476 1393 dixi
489 1339 528 1394 ad
541 1338 753 1412 Praestlgiato-

220 1437 288 1480 rem.
300 1421 378 1477 “Est
391 1422 449 1475 hoc
460 1432 592 1476 vestrum
606 1420 753 1484 Fanum;''

219 1512 249 1555 et
261 1501 345 1563 dixit,
358 1502 440 1573 quod
458 1502 505 1557 sit.

254 1582 297 1635 At
314 1582 415 1637 subito
434 1594 508 1637 tunc
529 1582 619 1638 etiam
639 1581 752 1653 aperie-

220 1662 306 1716 batur
323 1663 365 1717 illi
383 1664 465 1718 visus
484 1664 614 1726 interior,
627 1675 658 1718 et
676 1664 752 1719 vidit

219 1743 327 1799 similia
344 1760 421 1815 quae
443 1760 508 1816 ego.
539 1743 662 1816 ‘Quibus
679 1745 751 1799 visis

219 1824 357 1879 clamavit
371 1825 502 1880 clamore
515 1842 633 1896 magno,
647 1824 751 1897 “Quid

219 1905 283 1965 hoc,
297 1915 328 1959 et
340 1906 420 1960 unde
433 1904 518 1961 hoc.”

253 1984 290 2039 Et
300 1985 370 2048 dixi,
380 1988 462 2056 quod
471 1987 537 2041 site
548 1986 613 2041 luce
623 2002 639 2041 e
649 1985 749 2049 Caelo,

216 2080 292 2135 quae
310 2066 424 2137 detegit
436 2066 523 2137 quale
542 2067 673 2137 cujusvis
690 2066 749 2123 ior-

217 2162 290 2207 mae,
303 2154 359 2201 “et
378 2148 426 2200 hic
444 2148 531 2217 quale
544 2159 661 2203 vestrae
678 2148 748 2204 fidei

216 2238 367 2296 separatae
380 2244 398 2282 a
409 2227 554 2283 charitate
563 2229 737 2298 spirituali.”

253 2308 290 2363 Et
309 2308 387 2363 illico
403 2308 486 2363 venit
497 2319 606 2364 ventus
619 2310 748 2365 orienta-

215 2387 258 2448 lis.
280 2404 316 2443 ac
340 2388 461 2444 sustulit
484 2405 575 2444 omne
599 2391 680 2460 quod
707 2392 747 2445 ibi

214 2479 286 2530 erat,
299 2479 331 2523 et
347 2484 467 2540 quoque
479 2470 647 2525 exsiccabat
665 2472 748 2541 palu·

214 2550 291 2612 dem,
314 2559 345 2604 et
368 2550 412 2605 sic
436 2551 569 2605 nudabat
595 2551 746 2622 Lapidem,

213 2631 270 2685 sub
302 2646 363 2702 quo
396 2630 490 2703 jacuit
523 2630 665 2686 Verbum.
709 2634 747 2688 Et

215 2722 282 2783 post
292 2713 366 2767 haec
376 2713 499 2783 spiravit
507 2714 588 2769 calor
597 2714 674 2769 sicut
682 2733 747 2770 ver·

214 2794 288 2848 nalis
301 2809 318 2847 e
331 2791 429 2855 Caelo,
442 2804 474 2848 et
486 2809 555 2848 ecce
568 2805 641 2850 tunc
654 2795 683 2850 in
695 2813 746 2851 eo·

213 2875 282 2928 dem
300 2874 367 2928 loco
385 2875 481 2930 visum
501 2885 547 2929 est
559 2875 745 2932 Tabemacu-

213 2954 274 3008 lum
305 2956 413 3025 quoad
436 2954 561 3010 formam
592 2967 745 3012 externam

212 3036 347 3106 simplex.

248 3116 287 3171 Et
308 3117 447 3172 dicebant
469 3118 567 3188 angeli
590 3119 640 3189 qui
665 3119 744 3190 apud

213 3213 260 3252 me
278 3209 371 3260 erant,
389 3198 490 3253 “Ecce
508 3198 744 3255 Tabemaculum

212 3279 384 3340 Abrahami,
397 3279 485 3349 quale
504 3277 533 3333 id
553 3278 609 3333 luit
623 3282 745 3350 quando

211 3369 271 3414 tres
287 3358 384 3430 angeli
403 3358 441 3412 ad
461 3359 543 3412 illum
556 3370 702 3414 venerunt
714 3372 745 3415 et

210 3440 427 3494 annuntiarunt
436 3439 474 3494 de
488 3437 572 3494 Isaeo
585 3441 744 3497 nascituro.

214 3519 282 3574 Hoc
301 3529 425 3590 apparet
442 3536 542 3575 coram
561 3521 655 3576 oculis
674 3523 745 3577 sim-

211 3603 286 3670 plex,
300 3601 353 3655 sed
367 3617 462 3671 usque
475 3600 509 3655 lit
521 3603 685 3658 secundum
700 3605 744 3656 in-

209 3683 321 3736 fluxum
336 3681 410 3736 lucis
422 3697 438 3736 e
452 3679 543 3737 Caelo
554 3683 743 3754 magnificum

212 3764 277 3833 plus
289 3773 321 3816 et
337 3761 429 3832 plus.”

246 3843 285 3898 Et
297 3843 401 3898 datum
415 3851 462 3898 est
475 3842 532 3898 illis
541 3843 655 3914 aperire
670 3843 744 3901 Cae·

210 3923 271 3978 lum
297 3924 328 3978 in
359 3938 421 3993 quo
444 3923 542 3994 angeli
566 3924 743 3994 spirituales.

210 4005 261 4074 qui
280 4005 310 4058 in
328 4003 476 4074 sapientia
492 4015 571 4064 sunt.
588 4016 688 4067 erant:
713 4018 744 4062 et

210 4093 282 4139 tunc
299 4101 336 4140 ex
355 4085 422 4139 luce
441 4084 509 4140 inde
529 4085 679 4148 influente,
692 4103 744 4158 ap-

1280 678 1340 759 833

807 857 929 925 parebat
943 857 1177 915 Tabernaculum
1193 859 1274 922 illud,
1285 861 1342 916 sic·

807 946 839 990 ut
862 936 1019 1009 Templum
1043 940 1140 995 simile
1168 940 1341 1013 Hierosoly·

806 1017 934 1079 mitano:
962 1019 1042 1090 quod
1068 1036 1135 1074 cum
1167 1021 1339 1091 introspexi,

804 1099 865 1152 vidi
900 1099 1039 1169 Lapidem
1073 1100 1165 1164 lundi,
1190 1104 1246 1157 sub
1279 1118 1340 1173 quo

805 1178 936 1233 Verbum
963 1180 1059 1235 iuerat
1083 1182 1256 1252 repositum,
1281 1184 1338 1237 cir·

804 1274 872 1313 cum
886 1260 1017 1315 obsitum
1031 1262 1178 1333 lapidibus
1192 1263 1338 1333 pretiosis,

803 1356 820 1394 e
838 1342 947 1412 quibus
960 1340 1037 1401 sicut
1056 1342 1155 1415 lulgur
1167 1344 1289 1398 emicuit
1308 1344 1338 1397 in

805 1420 931 1491 parietes
948 1436 1038 1494 super
1050 1424 1158 1494 quibus
1176 1434 1260 1479 erant
1279 1424 1338 1479 ior-

805 1518 870 1557 mae
902 1501 1118 1565 Cheruborum,
1151 1515 1183 1558 et
1216 1504 1339 1575 pulchre

803 1583 966 1655 variegavit
979 1583 1044 1639 illos
1057 1584 1214 1640 coloribus.

840 1662 923 1718 Haec
930 1664 1093 1719 admiratus
1102 1682 1182 1725 sum:
1196 1664 1337 1735 [et]dixe·

802 1744 1337 1816 runtangeli.“Videbisadhucmira-

803 1825 917 1879 bilius.”
945 1826 1337 1897 Etdatumestillisaperire

802 1904 1338 1979 Caelumtertium,inquoangelicae·

802 1986 899 2047 lestes,
912 1988 963 2057 qui
985 1988 1013 2041 in
1030 2003 1131 2043 amore
1144 1998 1222 2049 sunt,
1236 1999 1336 2051 erant:

800 2078 831 2121 et
853 2078 924 2122 tunc
946 2083 983 2122 ex
1005 2068 1080 2123 luce
1093 2067 1162 2123 inde
1183 2069 1335 2132 influente,

800 2158 899 2202 totum
914 2148 985 2202 illud
996 2148 1154 2219 Templum
1165 2150 1294 2212 evanuit,
1305 2161 1336 2206 et

801 2228 868 2283 loco
880 2230 946 2299 ejus
958 2229 1039 2284 visus
1052 2240 1098 2284 est
1118 2228 1265 2285 Dominus
1280 2230 1334 2287 So-

800 2311 853 2371 lus,
864 2320 946 2365 stans
955 2326 1045 2380 super
1059 2310 1169 2381 lapide
1179 2310 1271 2374 lundi,
1283 2312 1333 2383 qul

798 2401 862 2445 erat
877 2390 1016 2451 Verbum.
1031 2392 1059 2444 in
1079 2390 1167 2446 simili
1187 2390 1284 2463 effigie
1303 2394 1332 2446 in

799 2487 860 2541 qua
869 2471 950 2525 visus
959 2482 1006 2525 est
1015 2470 1145 2542 Johanni
1160 2472 1259 2541 (Apoc.
1270 2488 1333 2543 cap.

800 2552 844 2618 i.):
863 2562 894 2605 at
906 2552 976 2621 quia
988 2549 1129 2606 santlitas
1142 2561 1214 2606 tunc
1228 2552 1332 2623 imple-

798 2632 842 2687 vit
862 2632 1003 2687 interiora
1015 2632 1124 2687 mentis
1138 2632 1332 2704 Angelorum,

797 2730 834 2769 ex
846 2731 908 2786 qua
921 2713 977 2768 iliis
990 2711 1047 2767 luit
1060 2713 1142 2768 nisus
1155 2714 1329 2784 procidendi
1371 2755 1375 2762 .

797 2811 886 2865 super
905 2795 1003 2854 iacies.
1022 2795 1122 2849 subito
1140 2795 1334 2850 claudebatur

796 2892 814 2931 a
835 2875 966 2930 Domino
979 2874 1027 2929 via
1046 2875 1120 2930 lucis
1138 2891 1154 2928 e
1169 2874 1260 2930 Caelo
1273 2887 1333 2932 ter·

797 2959 848 3018 tio.
874 2968 905 3012 et
929 2954 1117 3028 aperiebatur
1140 2955 1189 3010 via
1213 2957 1288 3012 lucis
1315 2974 1332 3012 e

797 3037 889 3094 Caelo
913 3037 1054 3096 secundo,
1081 3052 1118 3091 ex
1148 3052 1209 3108 quo
1242 3039 1331 3092 rediit

796 3117 933 3189 aspedius
945 3118 1025 3188 prior
1034 3115 1159 3186 Templi,
1170 3127 1201 3172 et
1211 3133 1331 3188 quoque

782 3199 998 3277 lTabernaculi¹
1013 3198 1065 3252 sed
1082 3198 1111 3250 in
1125 3197 1259 3267 Templo.

834 3281 877 3334 Ex
903 3280 949 3334 his
976 3279 1154 3334 illustratum
1180 3289 1234 3340 est,
1257 3279 1329 3349 quid

797 3361 973 3432 intelligitur
987 3375 1039 3429 per
1052 3359 1125 3413 haec
1144 3359 1174 3413 in
1191 3359 1249 3412 hoc
1261 3375 1330 3430 cap·

797 3445 854 3497 ite:

826 3569 840 3586 '⁸
851 3565 914 3610 Ecce
922 3561 1117 3608 Tahemaculum
1130 3560 1176 3606 Dei
1188 3573 1243 3606 cum
1252 3561 1330 3607 homi·

902 3625 980 3674 nibus,
1002 3631 1026 3666 et
1046 3621 1164 3667 habitabit
1184 3635 1240 3668 euru
1262 3623 1327 3668 illis''

901 3683 972 3741 (vers.
984 3683 1009 3741 3)
1022 3683 1057 3740 (η.
1069 3681 1138 3740 882);

795 3806 825 3850 et
839 3811 891 3865 per
904 3795 993 3850 haec:

825 3915 977 3974 “Templum
989 3927 1038 3960 non
1053 3914 1122 3959 vidr·
1139 3913 1163 3960 in
1181 3913 1252 3960 Nova
1270 3913 1329 3959 lile·

900 3977 1029 4036 roeolyma,
1040 3975 1119 4032 uquia
1130 3973 1250 4019 Dominus
1262 3973 1329 4019 Deru

900 4037 1062 4094 Omnipotens
1080 4035 1210 4092 Templum
1232 4035 1284 4092 ejus
1304 4041 1329 4079 et

900 4097 986 4158 Agnus
994 4097 1007 4110 ‘¹
1021 4095 1091 4156 (vers.
1103 4096 1143 4154 aa)
1156 4095 1191 4154 (η,
1202 4097 1267 4154 918).
