<?xml version="1.0" encoding="UTF-8"?>
<!DOCTYPE html PUBLIC "-//W3C//DTD XHTML 1.0 Transitional//EN"
    "http://www.w3.org/TR/xhtml1/DTD/xhtml1-transitional.dtd">
<html xmlns="http://www.w3.org/1999/xhtml" xml:lang="en" lang="en">
 <head>
  <title>
</title>
<meta http-equiv="Content-Type" content="text/html;charset=utf-8" />
  <meta name='ocr-system' content='tesseract 3.04.00' />
  <meta name='ocr-capabilities' content='ocr_page ocr_carea ocr_par ocr_line ocrx_word'/>
</head>
<body>
  <div class='ocr_page' id='page_1' title='image "./apocalypsisreve00swedgoog_0357.png"; bbox 0 0 3384 5400; ppageno 0'>
   <div class='ocr_carea' id='block_1_1' title="bbox 551 648 1485 738">
    <p class='ocr_par' dir='ltr' id='par_1_1' title="bbox 551 648 1485 738">
     <span class='ocr_line' id='line_1_1' title="bbox 551 648 1485 738; baseline 0.007 -31"><span class='ocrx_word' id='word_1_1' title='bbox 551 656 630 708; x_wconf 75' lang='lat' dir='ltr'>cnr.</span> <span class='ocrx_word' id='word_1_2' title='bbox 648 657 1061 710; x_wconf 75' lang='lat' dir='ltr'>xx11.-uuuounrut1n.</span> <span class='ocrx_word' id='word_1_3' title='bbox 1304 648 1364 731; x_wconf 86' lang='lat'>867</span> <span class='ocrx_word' id='word_1_4' title='bbox 1481 732 1485 738; x_wconf 20' lang='grc' dir='ltr'>Ι</span> 
     </span>
    </p>
   </div>
   <div class='ocr_carea' id='block_1_2' title="bbox 242 827 1391 3549">
    <p class='ocr_par' dir='ltr' id='par_1_2' title="bbox 242 827 1391 3549">
     <span class='ocr_line' id='line_1_2' title="bbox 247 827 1363 910; baseline 0 -18"><span class='ocrx_word' id='word_1_5' title='bbox 247 827 474 910; x_wconf 69' lang='lat' dir='ltr'><em>Apocalypsin</em></span> <span class='ocrx_word' id='word_1_6' title='bbox 495 837 527 892; x_wconf 83' lang='lat' dir='ltr'>et</span> <span class='ocrx_word' id='word_1_7' title='bbox 548 849 631 891; x_wconf 84' lang='lat' dir='ltr'>nunc</span> <span class='ocrx_word' id='word_1_8' title='bbox 647 827 779 909; x_wconf 81' lang='lat' dir='ltr'>aperuit</span> <span class='ocrx_word' id='word_1_9' title='bbox 800 827 905 904; x_wconf 80' lang='lat' dir='ltr'>illam,</span> <span class='ocrx_word' id='word_1_10' title='bbox 925 827 1153 910; x_wconf 61' lang='lat' dir='ltr'>testificantem</span> <span class='ocrx_word' id='word_1_11' title='bbox 1173 828 1232 892; x_wconf 80' lang='lat' dir='ltr'>hoc</span> <span class='ocrx_word' id='word_1_12' title='bbox 1248 830 1363 894; x_wconf 85' lang='lat' dir='ltr'>Euan·</span> 
     </span>
     <span class='ocr_line' id='line_1_3' title="bbox 243 921 1365 1006; baseline 0.001 -20"><span class='ocrx_word' id='word_1_13' title='bbox 243 923 376 1006; x_wconf 72' lang='lat' dir='ltr'>geleiten,</span> <span class='ocrx_word' id='word_1_14' title='bbox 393 921 483 1004; x_wconf 87' lang='lat' dir='ltr'>quod</span> <span class='ocrx_word' id='word_1_15' title='bbox 493 922 528 984; x_wconf 84' lang='lat' dir='ltr'>t&#39;n</span> <span class='ocrx_word' id='word_1_16' title='bbox 542 921 667 985; x_wconf 80' lang='lat' dir='ltr'>Divino</span> <span class='ocrx_word' id='word_1_17' title='bbox 678 921 834 985; x_wconf 86' lang='lat' dir='ltr'>Humano</span> <span class='ocrx_word' id='word_1_18' title='bbox 851 922 918 986; x_wconf 80' lang='lat' dir='ltr'>Suo</span> <span class='ocrx_word' id='word_1_19' title='bbox 932 921 1028 1000; x_wconf 85' lang='lat' dir='ltr'>Quod</span> <span class='ocrx_word' id='word_1_20' title='bbox 1039 924 1182 1004; x_wconf 81' lang='lat' dir='ltr'><em>suscepit</em></span> <span class='ocrx_word' id='word_1_21' title='bbox 1195 924 1230 986; x_wconf 86' lang='lat' dir='ltr'>t&#39;n</span> <span class='ocrx_word' id='word_1_22' title='bbox 1245 926 1365 987; x_wconf 77' lang='lat' dir='ltr'>mundo</span> 
     </span>
     <span class='ocr_line' id='line_1_4' title="bbox 246 1014 1363 1100; baseline 0 -20"><span class='ocrx_word' id='word_1_23' title='bbox 246 1029 278 1081; x_wconf 86' lang='lat' dir='ltr'>et</span> <span class='ocrx_word' id='word_1_24' title='bbox 289 1015 502 1100; x_wconf 70' lang='lat' dir='ltr'>glorificavit,</span> <span class='ocrx_word' id='word_1_25' title='bbox 521 1017 636 1079; x_wconf 84' lang='lat' dir='ltr'>veniat</span> <span class='ocrx_word' id='word_1_26' title='bbox 652 1025 689 1079; x_wconf 84' lang='lat' dir='ltr'>ut</span> <span class='ocrx_word' id='word_1_27' title='bbox 709 1014 858 1096; x_wconf 81' lang='lat' dir='ltr'>Sponsus</span> <span class='ocrx_word' id='word_1_28' title='bbox 876 1025 908 1080; x_wconf 80' lang='lat' dir='ltr'>et</span> <span class='ocrx_word' id='word_1_29' title='bbox 924 1017 1084 1092; x_wconf 84' lang='lat' dir='ltr'>Maritus,</span> <span class='ocrx_word' id='word_1_30' title='bbox 1103 1027 1135 1080; x_wconf 85' lang='lat' dir='ltr'>et</span> <span class='ocrx_word' id='word_1_31' title='bbox 1152 1019 1242 1099; x_wconf 83' lang='lat' dir='ltr'>quod</span> <span class='ocrx_word' id='word_1_32' title='bbox 1254 1017 1363 1080; x_wconf 81' lang='lat' dir='ltr'>Eccle-</span> 
     </span>
     <span class='ocr_line' id='line_1_5' title="bbox 245 1109 1362 1194; baseline 0.001 -18"><span class='ocrx_word' id='word_1_33' title='bbox 245 1113 298 1176; x_wconf 83' lang='lat' dir='ltr'>sia</span> <span class='ocrx_word' id='word_1_34' title='bbox 319 1112 436 1194; x_wconf 84' lang='lat' dir='ltr'>Ipsum</span> <span class='ocrx_word' id='word_1_35' title='bbox 454 1109 616 1174; x_wconf 81' lang='lat' dir='ltr'><em>desideret</em></span> <span class='ocrx_word' id='word_1_36' title='bbox 637 1120 674 1174; x_wconf 86' lang='lat' dir='ltr'>ut</span> <span class='ocrx_word' id='word_1_37' title='bbox 696 1109 828 1192; x_wconf 77' lang='lat' dir='ltr'><em>Sponsa</em></span> <span class='ocrx_word' id='word_1_38' title='bbox 849 1121 882 1174; x_wconf 83' lang='lat' dir='ltr'>et</span> <span class='ocrx_word' id='word_1_39' title='bbox 909 1110 1163 1194; x_wconf 59' lang='lat' dir='ltr'>Uram-Supra</span> <span class='ocrx_word' id='word_1_40' title='bbox 1186 1112 1268 1176; x_wconf 94' lang='lat' dir='ltr'>dicit</span> <span class='ocrx_word' id='word_1_41' title='bbox 1292 1113 1362 1177; x_wconf 93' lang='lat' dir='ltr'>Do-</span> 
     </span>
     <span class='ocr_line' id='line_1_6' title="bbox 247 1204 1361 1288; baseline 0.001 -18"><span class='ocrx_word' id='word_1_42' title='bbox 247 1210 353 1270; x_wconf 89' lang='lat' dir='ltr'>minus</span> <span class='ocrx_word' id='word_1_43' title='bbox 373 1205 480 1288; x_wconf 83' lang='lat' dir='ltr'>“Ego</span> <span class='ocrx_word' id='word_1_44' title='bbox 497 1204 593 1286; x_wconf 87' lang='lat' dir='ltr'>Jesus</span> <span class='ocrx_word' id='word_1_45' title='bbox 617 1206 691 1268; x_wconf 90' lang='lat' dir='ltr'>misi</span> <span class='ocrx_word' id='word_1_46' title='bbox 713 1205 871 1288; x_wconf 84' lang='lat' dir='ltr'>angelum</span> <span class='ocrx_word' id='word_1_47' title='bbox 889 1205 1003 1269; x_wconf 90' lang='lat' dir='ltr'>Meum</span> <span class='ocrx_word' id='word_1_48' title='bbox 1023 1206 1141 1270; x_wconf 89' lang='lat' dir='ltr'>testari</span> <span class='ocrx_word' id='word_1_49' title='bbox 1160 1207 1255 1270; x_wconf 91' lang='lat' dir='ltr'>vobis</span> <span class='ocrx_word' id='word_1_50' title='bbox 1278 1207 1361 1271; x_wconf 88' lang='lat' dir='ltr'>haec</span> 
     </span>
     <span class='ocr_line' id='line_1_7' title="bbox 245 1298 1391 1383; baseline 0 -18"><span class='ocrx_word' id='word_1_51' title='bbox 245 1303 278 1364; x_wconf 90' lang='lat' dir='ltr'>iu</span> <span class='ocrx_word' id='word_1_52' title='bbox 298 1300 481 1365; x_wconf 88' lang='lat' dir='ltr'>Ecclesiis”</span> <span class='ocrx_word' id='word_1_53' title='bbox 499 1298 597 1377; x_wconf 90' lang='lat' dir='ltr'>(vers.</span> <span class='ocrx_word' id='word_1_54' title='bbox 621 1298 659 1361; x_wconf 95' lang='lat'>16</span> <span class='ocrx_word' id='word_1_55' title='bbox 676 1298 771 1380; x_wconf 90' lang='lat' dir='ltr'>hujus</span> <span class='ocrx_word' id='word_1_56' title='bbox 786 1299 945 1382; x_wconf 90' lang='lat' dir='ltr'>capitis);</span> <span class='ocrx_word' id='word_1_57' title='bbox 969 1320 1028 1382; x_wconf 89' lang='lat' dir='ltr'>per</span> <span class='ocrx_word' id='word_1_58' title='bbox 1046 1320 1131 1381; x_wconf 93' lang='lat' dir='ltr'>quae</span> <span class='ocrx_word' id='word_1_59' title='bbox 1149 1300 1240 1382; x_wconf 85' lang='lat' dir='ltr'>quod</span> <span class='ocrx_word' id='word_1_60' title='bbox 1258 1301 1362 1383; x_wconf 90' lang='lat' dir='ltr'>signi·</span> <span class='ocrx_word' id='word_1_61' title='bbox 1386 1347 1391 1366; x_wconf 90' lang='lat'><em>.</em></span> 
     </span>
     <span class='ocr_line' id='line_1_8' title="bbox 246 1392 1363 1459; baseline 0 0"><span class='ocrx_word' id='word_1_62' title='bbox 246 1395 362 1459; x_wconf 86' lang='lat' dir='ltr'>ficetur</span> <span class='ocrx_word' id='word_1_63' title='bbox 385 1393 580 1458; x_wconf 89' lang='lat' dir='ltr'>testificatio</span> <span class='ocrx_word' id='word_1_64' title='bbox 606 1413 626 1455; x_wconf 92' lang='lat' dir='ltr'>a</span> <span class='ocrx_word' id='word_1_65' title='bbox 652 1392 800 1457; x_wconf 88' lang='lat' dir='ltr'>Domino</span> <span class='ocrx_word' id='word_1_66' title='bbox 823 1413 937 1456; x_wconf 89' lang='lat' dir='ltr'>coram</span> <span class='ocrx_word' id='word_1_67' title='bbox 962 1404 1038 1457; x_wconf 95' lang='lat' dir='ltr'>toto</span> <span class='ocrx_word' id='word_1_68' title='bbox 1065 1393 1257 1458; x_wconf 91' lang='lat' dir='ltr'>Christiano</span> <span class='ocrx_word' id='word_1_69' title='bbox 1282 1396 1363 1459; x_wconf 89' lang='lat' dir='ltr'>orbe</span> 
     </span>
     <span class='ocr_line' id='line_1_9' title="bbox 245 1486 1363 1572; baseline -0.001 -19"><span class='ocrx_word' id='word_1_70' title='bbox 245 1491 333 1572; x_wconf 92' lang='lat' dir='ltr'>quod</span> <span class='ocrx_word' id='word_1_71' title='bbox 360 1507 476 1551; x_wconf 91' lang='lat' dir='ltr'>verum</span> <span class='ocrx_word' id='word_1_72' title='bbox 503 1489 546 1550; x_wconf 89' lang='lat' dir='ltr'>sit</span> <span class='ocrx_word' id='word_1_73' title='bbox 576 1487 666 1568; x_wconf 93' lang='lat' dir='ltr'>quod</span> <span class='ocrx_word' id='word_1_74' title='bbox 696 1488 788 1550; x_wconf 90' lang='lat' dir='ltr'>solus</span> <span class='ocrx_word' id='word_1_75' title='bbox 817 1486 982 1549; x_wconf 87' lang='lat' dir='ltr'>Dominus</span> <span class='ocrx_word' id='word_1_76' title='bbox 1010 1488 1274 1552; x_wconf 78' lang='lat' dir='ltr'>manifestaverit</span> <span class='ocrx_word' id='word_1_77' title='bbox 1304 1491 1363 1552; x_wconf 92' lang='lat' dir='ltr'>illa</span> 
     </span>
     <span class='ocr_line' id='line_1_10' title="bbox 244 1581 1361 1667; baseline 0 -21"><span class='ocrx_word' id='word_1_78' title='bbox 244 1605 329 1667; x_wconf 90' lang='lat' dir='ltr'>quae</span> <span class='ocrx_word' id='word_1_79' title='bbox 348 1583 381 1646; x_wconf 91' lang='lat' dir='ltr'>in</span> <span class='ocrx_word' id='word_1_80' title='bbox 404 1583 468 1645; x_wconf 89' lang='lat' dir='ltr'>hoc</span> <span class='ocrx_word' id='word_1_81' title='bbox 488 1581 591 1644; x_wconf 92' lang='lat' dir='ltr'>Libro</span> <span class='ocrx_word' id='word_1_82' title='bbox 610 1583 735 1662; x_wconf 89' lang='lat' dir='ltr'>scripta</span> <span class='ocrx_word' id='word_1_83' title='bbox 754 1591 842 1654; x_wconf 91' lang='lat' dir='ltr'>sunt,</span> <span class='ocrx_word' id='word_1_84' title='bbox 863 1593 898 1644; x_wconf 94' lang='lat' dir='ltr'>et</span> <span class='ocrx_word' id='word_1_85' title='bbox 922 1602 1008 1664; x_wconf 91' lang='lat' dir='ltr'>quae</span> <span class='ocrx_word' id='word_1_86' title='bbox 1028 1602 1116 1644; x_wconf 90' lang='lat' dir='ltr'>nunc</span> <span class='ocrx_word' id='word_1_87' title='bbox 1135 1592 1254 1664; x_wconf 87' lang='lat' dir='ltr'>aperta</span> <span class='ocrx_word' id='word_1_88' title='bbox 1272 1594 1361 1658; x_wconf 88' lang='lat' dir='ltr'>sunt,</span> 
     </span>
     <span class='ocr_line' id='line_1_11' title="bbox 245 1675 1362 1758; baseline 0.001 -18"><span class='ocrx_word' id='word_1_89' title='bbox 245 1679 398 1742; x_wconf 90' lang='lat' dir='ltr'>videatur</span> <span class='ocrx_word' id='word_1_90' title='bbox 408 1697 507 1758; x_wconf 88' lang='lat' dir='ltr'>supra</span> <span class='ocrx_word' id='word_1_91' title='bbox 522 1675 568 1757; x_wconf 90' lang='lat' dir='ltr'>(n.</span> <span class='ocrx_word' id='word_1_92' title='bbox 581 1675 669 1758; x_wconf 83' lang='lat'>953).</span> <span class='ocrx_word' id='word_1_93' title='bbox 714 1676 799 1738; x_wconf 91' lang='lat' dir='ltr'>Inde</span> <span class='ocrx_word' id='word_1_94' title='bbox 815 1685 924 1757; x_wconf 91' lang='lat' dir='ltr'>patet,</span> <span class='ocrx_word' id='word_1_95' title='bbox 937 1676 1027 1758; x_wconf 90' lang='lat' dir='ltr'>quod</span> <span class='ocrx_word' id='word_1_96' title='bbox 1045 1697 1103 1758; x_wconf 92' lang='lat' dir='ltr'>per</span> <span class='ocrx_word' id='word_1_97' title='bbox 1116 1683 1135 1708; x_wconf 87' lang='lat'>“</span> <span class='ocrx_word' id='word_1_98' title='bbox 1147 1675 1265 1740; x_wconf 75' lang='lat' dir='ltr'>Dicit¹¹l</span> <span class='ocrx_word' id='word_1_99' title='bbox 1277 1678 1362 1741; x_wconf 82' lang='lat' dir='ltr'>Tes-</span> 
     </span>
     <span class='ocr_line' id='line_1_12' title="bbox 244 1768 1363 1853; baseline 0 -17"><span class='ocrx_word' id='word_1_100' title='bbox 244 1785 320 1836; x_wconf 85' lang='lat' dir='ltr'>tans</span> <span class='ocrx_word' id='word_1_101' title='bbox 336 1772 437 1836; x_wconf 90' lang='lat' dir='ltr'>haec&#39;’</span> <span class='ocrx_word' id='word_1_102' title='bbox 454 1770 663 1850; x_wconf 84' lang='lat' dir='ltr'>intelligatur</span> <span class='ocrx_word' id='word_1_103' title='bbox 679 1769 855 1844; x_wconf 88' lang='lat' dir='ltr'>Dominus,</span> <span class='ocrx_word' id='word_1_104' title='bbox 873 1768 939 1851; x_wconf 82' lang='lat' dir='ltr'>Qui</span> <span class='ocrx_word' id='word_1_105' title='bbox 957 1769 1120 1834; x_wconf 89' lang='lat' dir='ltr'>revelavit</span> <span class='ocrx_word' id='word_1_106' title='bbox 1136 1769 1363 1853; x_wconf 80' lang='lat' dir='ltr'>Apocalypsin</span> 
     </span>
     <span class='ocr_line' id='line_1_13' title="bbox 245 1862 1362 1948; baseline 0 -17"><span class='ocrx_word' id='word_1_107' title='bbox 245 1878 280 1931; x_wconf 88' lang='lat' dir='ltr'>et</span> <span class='ocrx_word' id='word_1_108' title='bbox 299 1887 387 1930; x_wconf 89' lang='lat' dir='ltr'>nunc</span> <span class='ocrx_word' id='word_1_109' title='bbox 404 1866 533 1948; x_wconf 88' lang='lat' dir='ltr'>aperuit</span> <span class='ocrx_word' id='word_1_110' title='bbox 552 1864 655 1937; x_wconf 90' lang='lat' dir='ltr'>illam,</span> <span class='ocrx_word' id='word_1_111' title='bbox 675 1862 871 1926; x_wconf 87' lang='lat' dir='ltr'>testificans.</span> <span class='ocrx_word' id='word_1_112' title='bbox 917 1862 1017 1944; x_wconf 84' lang='lat' dir='ltr'>Quod</span> <span class='ocrx_word' id='word_1_113' title='bbox 1034 1865 1077 1927; x_wconf 91' lang='lat' dir='ltr'>sit</span> <span class='ocrx_word' id='word_1_114' title='bbox 1096 1864 1281 1928; x_wconf 87' lang='lat' dir='ltr'>testificans</span> <span class='ocrx_word' id='word_1_115' title='bbox 1296 1867 1362 1932; x_wconf 87' lang='lat' dir='ltr'>boc</span> 
     </span>
     <span class='ocr_line' id='line_1_14' title="bbox 244 1956 1361 2043; baseline -0.001 -19"><span class='ocrx_word' id='word_1_116' title='bbox 244 1960 480 2042; x_wconf 74' lang='lat' dir='ltr'>Evang&#39;elium</span> <span class='ocrx_word' id='word_1_117' title='bbox 500 1969 553 2022; x_wconf 89' lang='lat' dir='ltr'>est</span> <span class='ocrx_word' id='word_1_118' title='bbox 577 1959 654 2040; x_wconf 92' lang='lat' dir='ltr'>quia</span> <span class='ocrx_word' id='word_1_119' title='bbox 671 1959 724 2020; x_wconf 89' lang='lat' dir='ltr'>hic</span> <span class='ocrx_word' id='word_1_120' title='bbox 743 1957 896 2020; x_wconf 86' lang='lat' dir='ltr'>declarat</span> <span class='ocrx_word' id='word_1_121' title='bbox 915 1956 1114 2021; x_wconf 86' lang='lat' dir='ltr'>Adventum</span> <span class='ocrx_word' id='word_1_122' title='bbox 1134 1958 1248 2034; x_wconf 90' lang='lat' dir='ltr'>Suum,</span> <span class='ocrx_word' id='word_1_123' title='bbox 1269 1960 1361 2043; x_wconf 92' lang='lat' dir='ltr'>Reg-</span> 
     </span>
     <span class='ocr_line' id='line_1_15' title="bbox 245 2050 1362 2134; baseline 0 -16"><span class='ocrx_word' id='word_1_124' title='bbox 245 2075 323 2118; x_wconf 90' lang='lat' dir='ltr'>num</span> <span class='ocrx_word' id='word_1_125' title='bbox 347 2053 460 2127; x_wconf 89' lang='lat' dir='ltr'>Suum,</span> <span class='ocrx_word' id='word_1_126' title='bbox 485 2063 520 2116; x_wconf 89' lang='lat' dir='ltr'>et</span> <span class='ocrx_word' id='word_1_127' title='bbox 543 2050 715 2134; x_wconf 88' lang='lat' dir='ltr'>spirituale</span> <span class='ocrx_word' id='word_1_128' title='bbox 737 2050 939 2132; x_wconf 81' lang='lat' dir='ltr'>Conjugir&#39;rm</span> <span class='ocrx_word' id='word_1_129' title='bbox 963 2051 1065 2115; x_wconf 88' lang='lat' dir='ltr'>Suum</span> <span class='ocrx_word' id='word_1_130' title='bbox 1088 2073 1164 2115; x_wconf 91' lang='lat' dir='ltr'>cum</span> <span class='ocrx_word' id='word_1_131' title='bbox 1188 2052 1362 2133; x_wconf 89' lang='lat' dir='ltr'>Ecclesia;</span> 
     </span>
     <span class='ocr_line' id='line_1_16' title="bbox 243 2145 1363 2222; baseline 0 -9"><span class='ocrx_word' id='word_1_132' title='bbox 243 2150 324 2213; x_wconf 91' lang='lat' dir='ltr'>dicit</span> <span class='ocrx_word' id='word_1_133' title='bbox 341 2151 440 2222; x_wconf 88' lang='lat' dir='ltr'>enim,</span> <span class='ocrx_word' id='word_1_134' title='bbox 456 2147 598 2209; x_wconf 87' lang='lat' dir='ltr'>“Etiam</span> <span class='ocrx_word' id='word_1_135' title='bbox 615 2147 714 2208; x_wconf 91' lang='lat' dir='ltr'>venio</span> <span class='ocrx_word' id='word_1_136' title='bbox 730 2145 818 2222; x_wconf 88' lang='lat' dir='ltr'>cito;</span> <span class='ocrx_word' id='word_1_137' title='bbox 838 2165 947 2209; x_wconf 88' lang='lat' dir='ltr'>amen.</span> <span class='ocrx_word' id='word_1_138' title='bbox 988 2146 1101 2210; x_wconf 91' lang='lat' dir='ltr'>Etiam</span> <span class='ocrx_word' id='word_1_139' title='bbox 1115 2149 1202 2222; x_wconf 91' lang='lat' dir='ltr'>veni,</span> <span class='ocrx_word' id='word_1_140' title='bbox 1217 2148 1363 2213; x_wconf 90' lang='lat' dir='ltr'>Domine</span> 
     </span>
     <span class='ocr_line' id='line_1_17' title="bbox 242 2236 1361 2326; baseline -0.001 -19"><span class='ocrx_word' id='word_1_141' title='bbox 242 2243 349 2326; x_wconf 87' lang='lat' dir='ltr'>Jesu,’&#39;</span> <span class='ocrx_word' id='word_1_142' title='bbox 368 2253 404 2306; x_wconf 90' lang='lat' dir='ltr'>et</span> <span class='ocrx_word' id='word_1_143' title='bbox 423 2261 481 2324; x_wconf 89' lang='lat' dir='ltr'>per</span> <span class='ocrx_word' id='word_1_144' title='bbox 499 2239 719 2321; x_wconf 81' lang='lat' dir='ltr'>Evangelinm</span> <span class='ocrx_word' id='word_1_145' title='bbox 737 2237 944 2320; x_wconf 87' lang='lat' dir='ltr'>significatur</span> <span class='ocrx_word' id='word_1_146' title='bbox 963 2239 1144 2304; x_wconf 87' lang='lat' dir='ltr'>Adventus</span> <span class='ocrx_word' id='word_1_147' title='bbox 1164 2236 1300 2305; x_wconf 83' lang='lat' dir='ltr'>Domini</span> <span class='ocrx_word' id='word_1_148' title='bbox 1319 2243 1361 2306; x_wconf 92' lang='lat' dir='ltr'>ad</span> 
     </span>
     <span class='ocr_line' id='line_1_18' title="bbox 246 2333 1362 2420; baseline -0.001 -18"><span class='ocrx_word' id='word_1_149' title='bbox 246 2339 403 2420; x_wconf 84' lang='lat' dir='ltr'>Regnum</span> <span class='ocrx_word' id='word_1_150' title='bbox 424 2336 531 2418; x_wconf 91' lang='lat' dir='ltr'>lpsius</span> <span class='ocrx_word' id='word_1_151' title='bbox 551 2333 719 2416; x_wconf 91' lang='lat' dir='ltr'>(videatur</span> <span class='ocrx_word' id='word_1_152' title='bbox 738 2354 769 2396; x_wconf 89' lang='lat' dir='ltr'>u.</span> <span class='ocrx_word' id='word_1_153' title='bbox 787 2336 861 2415; x_wconf 87' lang='lat'>478,</span> <span class='ocrx_word' id='word_1_154' title='bbox 881 2347 949 2414; x_wconf 84' lang='lat'>553,</span> <span class='ocrx_word' id='word_1_155' title='bbox 969 2333 1058 2406; x_wconf 60' lang='lat'>6262¹1</span> <span class='ocrx_word' id='word_1_156' title='bbox 1074 2334 1172 2417; x_wconf 88' lang='lat'><strong>664);</strong></span> <span class='ocrx_word' id='word_1_157' title='bbox 1195 2337 1285 2418; x_wconf 93' lang='lat' dir='ltr'>quod</span> <span class='ocrx_word' id='word_1_158' title='bbox 1308 2337 1362 2401; x_wconf 90' lang='lat' dir='ltr'>hic</span> 
     </span>
     <span class='ocr_line' id='line_1_19' title="bbox 243 2427 1362 2512; baseline 0 -17"><span class='ocrx_word' id='word_1_159' title='bbox 243 2433 285 2495; x_wconf 91' lang='lat' dir='ltr'>ad</span> <span class='ocrx_word' id='word_1_160' title='bbox 305 2431 505 2512; x_wconf 75' lang='lat' dir='ltr'>Coniugium</span> <span class='ocrx_word' id='word_1_161' title='bbox 525 2428 697 2511; x_wconf 89' lang='lat' dir='ltr'>spirituale</span> <span class='ocrx_word' id='word_1_162' title='bbox 716 2447 792 2490; x_wconf 89' lang='lat' dir='ltr'>cum</span> <span class='ocrx_word' id='word_1_163' title='bbox 813 2427 978 2501; x_wconf 86' lang='lat' dir='ltr'>Ecclesia,</span> <span class='ocrx_word' id='word_1_164' title='bbox 995 2440 1048 2492; x_wconf 90' lang='lat' dir='ltr'>est</span> <span class='ocrx_word' id='word_1_165' title='bbox 1071 2431 1148 2511; x_wconf 92' lang='lat' dir='ltr'>quia</span> <span class='ocrx_word' id='word_1_166' title='bbox 1170 2451 1259 2493; x_wconf 88' lang='lat' dir='ltr'>nova</span> <span class='ocrx_word' id='word_1_167' title='bbox 1277 2431 1362 2495; x_wconf 89' lang='lat' dir='ltr'>haec</span> 
     </span>
     <span class='ocr_line' id='line_1_20' title="bbox 242 2521 1362 2605; baseline -0.001 -14"><span class='ocrx_word' id='word_1_168' title='bbox 242 2527 399 2591; x_wconf 87' lang='lat' dir='ltr'>Ecclesia</span> <span class='ocrx_word' id='word_1_169' title='bbox 416 2535 556 2588; x_wconf 90' lang='lat' dir='ltr'>vocatur</span> <span class='ocrx_word' id='word_1_170' title='bbox 575 2521 709 2605; x_wconf 89' lang='lat' dir='ltr'>Sponsa</span> <span class='ocrx_word' id='word_1_171' title='bbox 726 2532 762 2585; x_wconf 89' lang='lat' dir='ltr'>et</span> <span class='ocrx_word' id='word_1_172' title='bbox 782 2521 892 2596; x_wconf 88' lang='lat' dir='ltr'>Uxor,</span> <span class='ocrx_word' id='word_1_173' title='bbox 912 2532 947 2586; x_wconf 86' lang='lat' dir='ltr'>et</span> <span class='ocrx_word' id='word_1_174' title='bbox 972 2523 1137 2586; x_wconf 91' lang='lat' dir='ltr'>Dominus</span> <span class='ocrx_word' id='word_1_175' title='bbox 1156 2523 1308 2605; x_wconf 86' lang='lat' dir='ltr'>Sponsus</span> <span class='ocrx_word' id='word_1_176' title='bbox 1326 2537 1362 2590; x_wconf 85' lang='lat' dir='ltr'>et</span> 
     </span>
     <span class='ocr_line' id='line_1_21' title="bbox 244 2614 1361 2703; baseline -0.001 -18"><span class='ocrx_word' id='word_1_177' title='bbox 244 2622 385 2685; x_wconf 89' lang='lat' dir='ltr'>Maritus</span> <span class='ocrx_word' id='word_1_178' title='bbox 405 2619 474 2701; x_wconf 89' lang='lat' dir='ltr'>ejus</span> <span class='ocrx_word' id='word_1_179' title='bbox 495 2617 609 2701; x_wconf 86' lang='lat' dir='ltr'>(supra</span> <span class='ocrx_word' id='word_1_180' title='bbox 628 2625 701 2698; x_wconf 80' lang='lat' dir='ltr'>cap.</span> <span class='ocrx_word' id='word_1_181' title='bbox 720 2617 792 2678; x_wconf 89' lang='lat' dir='ltr'>xix.</span> <span class='ocrx_word' id='word_1_182' title='bbox 809 2632 890 2697; x_wconf 90' lang='lat'>7-9;</span> <span class='ocrx_word' id='word_1_183' title='bbox 915 2636 986 2698; x_wconf 93' lang='lat' dir='ltr'>cap.</span> <span class='ocrx_word' id='word_1_184' title='bbox 1003 2614 1094 2681; x_wconf 76' lang='lat' dir='ltr'>xxil⁸¹</span> <span class='ocrx_word' id='word_1_185' title='bbox 1110 2634 1139 2691; x_wconf 92' lang='lat'>2,</span> <span class='ocrx_word' id='word_1_186' title='bbox 1156 2636 1187 2700; x_wconf 93' lang='lat'>9,</span> <span class='ocrx_word' id='word_1_187' title='bbox 1209 2634 1265 2696; x_wconf 75' lang='lat'>103</span> <span class='ocrx_word' id='word_1_188' title='bbox 1288 2639 1361 2703; x_wconf 90' lang='lat' dir='ltr'>cap.</span> 
     </span>
     <span class='ocr_line' id='line_1_22' title="bbox 243 2710 1362 2799; baseline -0.004 -18"><span class='ocrx_word' id='word_1_189' title='bbox 243 2714 344 2782; x_wconf 72' lang='lat' dir='ltr'>xxiil⁴¹</span> <span class='ocrx_word' id='word_1_190' title='bbox 368 2714 439 2799; x_wconf 85' lang='lat'>17):</span> <span class='ocrx_word' id='word_1_191' title='bbox 474 2724 508 2778; x_wconf 90' lang='lat' dir='ltr'>et</span> <span class='ocrx_word' id='word_1_192' title='bbox 536 2713 588 2775; x_wconf 93' lang='lat' dir='ltr'>hic</span> <span class='ocrx_word' id='word_1_193' title='bbox 616 2712 648 2774; x_wconf 91' lang='lat' dir='ltr'>in</span> <span class='ocrx_word' id='word_1_194' title='bbox 675 2711 739 2775; x_wconf 88' lang='lat' dir='ltr'>fine</span> <span class='ocrx_word' id='word_1_195' title='bbox 764 2710 868 2785; x_wconf 88' lang='lat' dir='ltr'>Libri,</span> <span class='ocrx_word' id='word_1_196' title='bbox 892 2710 1039 2795; x_wconf 92' lang='lat' dir='ltr'>loquitur</span> <span class='ocrx_word' id='word_1_197' title='bbox 1062 2712 1226 2777; x_wconf 88' lang='lat' dir='ltr'>Dominus</span> <span class='ocrx_word' id='word_1_198' title='bbox 1249 2724 1285 2777; x_wconf 92' lang='lat' dir='ltr'>et</span> <span class='ocrx_word' id='word_1_199' title='bbox 1311 2715 1362 2777; x_wconf 92' lang='lat' dir='ltr'>lo·</span> 
     </span>
     <span class='ocr_line' id='line_1_23' title="bbox 243 2804 1361 2894; baseline -0.003 -19"><span class='ocrx_word' id='word_1_200' title='bbox 243 2814 353 2894; x_wconf 90' lang='lat' dir='ltr'>quitur</span> <span class='ocrx_word' id='word_1_201' title='bbox 371 2808 538 2881; x_wconf 86' lang='lat' dir='ltr'>Ecclesia,</span> <span class='ocrx_word' id='word_1_202' title='bbox 557 2807 644 2869; x_wconf 87' lang='lat' dir='ltr'>sicut</span> <span class='ocrx_word' id='word_1_203' title='bbox 664 2804 814 2888; x_wconf 90' lang='lat' dir='ltr'>Sponsus</span> <span class='ocrx_word' id='word_1_204' title='bbox 833 2816 869 2869; x_wconf 90' lang='lat' dir='ltr'>et</span> <span class='ocrx_word' id='word_1_205' title='bbox 892 2804 1043 2888; x_wconf 75' lang='lat' dir='ltr'>Sponsa,</span> <span class='ocrx_word' id='word_1_206' title='bbox 1075 2806 1221 2889; x_wconf 90' lang='lat' dir='ltr'>loquitur</span> <span class='ocrx_word' id='word_1_207' title='bbox 1244 2806 1361 2872; x_wconf 91' lang='lat' dir='ltr'>Domi·</span> 
     </span>
     <span class='ocr_line' id='line_1_24' title="bbox 244 2900 1363 2983; baseline -0.003 -14"><span class='ocrx_word' id='word_1_208' title='bbox 244 2926 305 2969; x_wconf 92' lang='lat' dir='ltr'>nus</span> <span class='ocrx_word' id='word_1_209' title='bbox 328 2906 423 2979; x_wconf 86' lang='lat' dir='ltr'>haec,</span> <span class='ocrx_word' id='word_1_210' title='bbox 444 2902 586 2966; x_wconf 87' lang='lat' dir='ltr'>“Etiam</span> <span class='ocrx_word' id='word_1_211' title='bbox 610 2902 709 2963; x_wconf 90' lang='lat' dir='ltr'>venio</span> <span class='ocrx_word' id='word_1_212' title='bbox 728 2902 816 2977; x_wconf 91' lang='lat' dir='ltr'>cito;</span> <span class='ocrx_word' id='word_1_213' title='bbox 840 2900 969 2975; x_wconf 90' lang='lat' dir='ltr'>amen,”</span> <span class='ocrx_word' id='word_1_214' title='bbox 987 2910 1022 2964; x_wconf 94' lang='lat' dir='ltr'>et</span> <span class='ocrx_word' id='word_1_215' title='bbox 1043 2900 1189 2983; x_wconf 92' lang='lat' dir='ltr'>loquitur</span> <span class='ocrx_word' id='word_1_216' title='bbox 1208 2902 1363 2967; x_wconf 88' lang='lat' dir='ltr'>Ecclesia</span> 
     </span>
     <span class='ocr_line' id='line_1_25' title="bbox 242 2993 1361 3077; baseline -0.004 -14"><span class='ocrx_word' id='word_1_217' title='bbox 242 3001 337 3074; x_wconf 87' lang='lat' dir='ltr'>haec,</span> <span class='ocrx_word' id='word_1_218' title='bbox 352 2998 496 3061; x_wconf 84' lang='lat' dir='ltr'>“Etiam</span> <span class='ocrx_word' id='word_1_219' title='bbox 509 2996 595 3070; x_wconf 89' lang='lat' dir='ltr'>veni,</span> <span class='ocrx_word' id='word_1_220' title='bbox 614 2993 760 3058; x_wconf 90' lang='lat' dir='ltr'>Domine</span> <span class='ocrx_word' id='word_1_221' title='bbox 774 2993 882 3075; x_wconf 50' lang='lat' dir='ltr'>jesu?</span> <span class='ocrx_word' id='word_1_222' title='bbox 895 3014 980 3076; x_wconf 90' lang='lat' dir='ltr'>quae</span> <span class='ocrx_word' id='word_1_223' title='bbox 995 3006 1074 3058; x_wconf 89' lang='lat' dir='ltr'>sunt</span> <span class='ocrx_word' id='word_1_224' title='bbox 1086 2996 1189 3059; x_wconf 88' lang='lat' dir='ltr'>verba</span> <span class='ocrx_word' id='word_1_225' title='bbox 1206 2996 1361 3077; x_wconf 89' lang='lat' dir='ltr'>Despon-</span> 
     </span>
     <span class='ocr_line' id='line_1_26' title="bbox 242 3087 1361 3171; baseline -0.002 -15"><span class='ocrx_word' id='word_1_226' title='bbox 242 3095 382 3157; x_wconf 89' lang='lat' dir='ltr'>sationis</span> <span class='ocrx_word' id='word_1_227' title='bbox 412 3092 454 3154; x_wconf 89' lang='lat' dir='ltr'>ad</span> <span class='ocrx_word' id='word_1_228' title='bbox 484 3089 684 3171; x_wconf 89' lang='lat' dir='ltr'>Conjugium</span> <span class='ocrx_word' id='word_1_229' title='bbox 714 3089 896 3171; x_wconf 88' lang='lat' dir='ltr'>spirituale.</span> <span class='ocrx_word' id='word_1_230' title='bbox 957 3087 1057 3169; x_wconf 84' lang='lat' dir='ltr'>Quod</span> <span class='ocrx_word' id='word_1_231' title='bbox 1088 3088 1253 3153; x_wconf 91' lang='lat' dir='ltr'>Dominus</span> <span class='ocrx_word' id='word_1_232' title='bbox 1280 3112 1361 3154; x_wconf 91' lang='lat' dir='ltr'>ven-</span> 
     </span>
     <span class='ocr_line' id='line_1_27' title="bbox 243 3182 1361 3265; baseline -0.003 -13"><span class='ocrx_word' id='word_1_233' title='bbox 243 3188 401 3252; x_wconf 82' lang='lat' dir='ltr'>turus&#39;sit</span> <span class='ocrx_word' id='word_1_234' title='bbox 428 3187 460 3248; x_wconf 91' lang='lat' dir='ltr'>in</span> <span class='ocrx_word' id='word_1_235' title='bbox 488 3184 611 3248; x_wconf 91' lang='lat' dir='ltr'>Divino</span> <span class='ocrx_word' id='word_1_236' title='bbox 637 3182 807 3256; x_wconf 88' lang='lat' dir='ltr'>Humano,</span> <span class='ocrx_word' id='word_1_237' title='bbox 832 3183 922 3264; x_wconf 90' lang='lat' dir='ltr'>quod</span> <span class='ocrx_word' id='word_1_238' title='bbox 946 3185 1094 3265; x_wconf 91' lang='lat' dir='ltr'>suscepit</span> <span class='ocrx_word' id='word_1_239' title='bbox 1119 3186 1152 3247; x_wconf 90' lang='lat' dir='ltr'>in</span> <span class='ocrx_word' id='word_1_240' title='bbox 1177 3185 1303 3247; x_wconf 88' lang='lat' dir='ltr'>mundo</span> <span class='ocrx_word' id='word_1_241' title='bbox 1326 3195 1361 3249; x_wconf 89' lang='lat' dir='ltr'>et</span> 
     </span>
     <span class='ocr_line' id='line_1_28' title="bbox 242 3276 1361 3364; baseline -0.001 -20"><span class='ocrx_word' id='word_1_242' title='bbox 242 3280 454 3364; x_wconf 87' lang='lat' dir='ltr'>glorificavit,</span> <span class='ocrx_word' id='word_1_243' title='bbox 482 3288 618 3343; x_wconf 90' lang='lat' dir='ltr'>constat</span> <span class='ocrx_word' id='word_1_244' title='bbox 649 3298 693 3341; x_wconf 87' lang='lat' dir='ltr'>ex</span> <span class='ocrx_word' id='word_1_245' title='bbox 725 3298 776 3352; x_wconf 93' lang='lat' dir='ltr'>eo,</span> <span class='ocrx_word' id='word_1_246' title='bbox 805 3278 895 3359; x_wconf 91' lang='lat' dir='ltr'>quod</span> <span class='ocrx_word' id='word_1_247' title='bbox 922 3276 966 3340; x_wconf 90' lang='lat' dir='ltr'>Se</span> <span class='ocrx_word' id='word_1_248' title='bbox 997 3280 1148 3342; x_wconf 90' lang='lat' dir='ltr'>nominet</span> <span class='ocrx_word' id='word_1_249' title='bbox 1173 3278 1298 3361; x_wconf 90' lang='lat' dir='ltr'>Jesum,</span> <span class='ocrx_word' id='word_1_250' title='bbox 1326 3291 1361 3344; x_wconf 93' lang='lat' dir='ltr'>et</span> 
     </span>
     <span class='ocr_line' id='line_1_29' title="bbox 242 3370 1361 3457; baseline -0.002 -20"><span class='ocrx_word' id='word_1_251' title='bbox 242 3377 332 3439; x_wconf 86' lang='lat' dir='ltr'>dicat</span> <span class='ocrx_word' id='word_1_252' title='bbox 346 3374 436 3457; x_wconf 92' lang='lat' dir='ltr'>quod</span> <span class='ocrx_word' id='word_1_253' title='bbox 450 3374 493 3437; x_wconf 88' lang='lat' dir='ltr'>sit</span> <span class='ocrx_word' id='word_1_254' title='bbox 507 3372 650 3434; x_wconf 88' lang='lat' dir='ltr'>“Radix</span> <span class='ocrx_word' id='word_1_255' title='bbox 664 3381 699 3436; x_wconf 93' lang='lat' dir='ltr'>et</span> <span class='ocrx_word' id='word_1_256' title='bbox 713 3370 827 3435; x_wconf 88' lang='lat' dir='ltr'>Genus</span> <span class='ocrx_word' id='word_1_257' title='bbox 841 3371 1003 3434; x_wconf 90' lang='lat' dir='ltr'>Davidis&#39;’</span> <span class='ocrx_word' id='word_1_258' title='bbox 1017 3370 1116 3454; x_wconf 88' lang='lat' dir='ltr'>(vers.</span> <span class='ocrx_word' id='word_1_259' title='bbox 1132 3373 1183 3455; x_wconf 92' lang='lat'>16)</span> <span class='ocrx_word' id='word_1_260' title='bbox 1197 3395 1204 3450; x_wconf 94' lang='lat'>;</span> <span class='ocrx_word' id='word_1_261' title='bbox 1224 3384 1258 3437; x_wconf 92' lang='lat' dir='ltr'>et</span> <span class='ocrx_word' id='word_1_262' title='bbox 1271 3374 1361 3455; x_wconf 94' lang='lat' dir='ltr'>quod</span> 
     </span>
     <span class='ocr_line' id='line_1_30' title="bbox 243 3464 1361 3549; baseline 0 -18"><span class='ocrx_word' id='word_1_263' title='bbox 243 3469 397 3532; x_wconf 87' lang='lat' dir='ltr'>Ecclesia</span> <span class='ocrx_word' id='word_1_264' title='bbox 412 3467 464 3530; x_wconf 91' lang='lat' dir='ltr'>hic</span> <span class='ocrx_word' id='word_1_265' title='bbox 481 3468 583 3541; x_wconf 88' lang='lat' dir='ltr'>dicat,</span> <span class='ocrx_word' id='word_1_266' title='bbox 599 3472 617 3498; x_wconf 83' lang='lat'>‘⁴</span> <span class='ocrx_word' id='word_1_267' title='bbox 628 3464 727 3541; x_wconf 90' lang='lat' dir='ltr'>Veni,</span> <span class='ocrx_word' id='word_1_268' title='bbox 745 3465 891 3529; x_wconf 91' lang='lat' dir='ltr'>Domine</span> <span class='ocrx_word' id='word_1_269' title='bbox 906 3465 1013 3547; x_wconf 87' lang='lat' dir='ltr'>Jesu,’&#39;</span> <span class='ocrx_word' id='word_1_270' title='bbox 1029 3467 1182 3531; x_wconf 87' lang='lat' dir='ltr'>videatur</span> <span class='ocrx_word' id='word_1_271' title='bbox 1197 3487 1296 3549; x_wconf 89' lang='lat' dir='ltr'>supra</span> <span class='ocrx_word' id='word_1_272' title='bbox 1314 3466 1361 3549; x_wconf 89' lang='lat' dir='ltr'>(n.</span> 
     </span>
    </p>
   </div>
   <div class='ocr_carea' id='block_1_3' title="bbox 241 3561 421 3645">
    <p class='ocr_par' dir='ltr' id='par_1_3' title="bbox 241 3561 421 3645">
     <span class='ocr_line' id='line_1_31' title="bbox 241 3561 421 3645; baseline 0 -1"><span class='ocrx_word' id='word_1_273' title='bbox 241 3561 421 3645; x_wconf 60' lang='lat' dir='ltr'>suast)-</span> 
     </span>
    </p>
   </div>
   <div class='ocr_carea' id='block_1_4' title="bbox 242 3801 1289 3886">
    <p class='ocr_par' dir='ltr' id='par_1_4' title="bbox 242 3801 1289 3886">
     <span class='ocr_line' id='line_1_32' title="bbox 242 3801 1289 3886; baseline -0.002 -16"><span class='ocrx_word' id='word_1_274' title='bbox 242 3806 342 3886; x_wconf 76' lang='lat'>9⁶1·</span> <span class='ocrx_word' id='word_1_275' title='bbox 374 3802 438 3866; x_wconf 89' lang='lat' dir='ltr'>His</span> <span class='ocrx_word' id='word_1_276' title='bbox 454 3801 605 3884; x_wconf 82' lang='lat' dir='ltr'>adjiciam</span> <span class='ocrx_word' id='word_1_277' title='bbox 623 3804 689 3867; x_wconf 90' lang='lat' dir='ltr'>duo</span> <span class='ocrx_word' id='word_1_278' title='bbox 710 3802 964 3881; x_wconf 85' lang='lat' dir='ltr'>Memorabilia;</span> <span class='ocrx_word' id='word_1_279' title='bbox 988 3802 1141 3867; x_wconf 79' lang='lat' dir='ltr'>Pmuuu</span> <span class='ocrx_word' id='word_1_280' title='bbox 1159 3804 1223 3869; x_wconf 91' lang='lat' dir='ltr'>hoc</span> <span class='ocrx_word' id='word_1_281' title='bbox 1236 3826 1289 3869; x_wconf 85' lang='lat'>:—</span> 
     </span>
    </p>
   </div>
   <div class='ocr_carea' id='block_1_5' title="bbox 243 3957 1361 4673">
    <p class='ocr_par' dir='ltr' id='par_1_5' title="bbox 243 3957 1361 4673">
     <span class='ocr_line' id='line_1_33' title="bbox 277 3957 1361 4031; baseline 0.004 -18"><span class='ocrx_word' id='word_1_282' title='bbox 277 3957 436 4031; x_wconf 77' lang='lat' dir='ltr'>Quondam</span> <span class='ocrx_word' id='word_1_283' title='bbox 445 3957 774 4030; x_wconf 67' lang='lat' dir='ltr'>experrectusesomno</span> <span class='ocrx_word' id='word_1_284' title='bbox 827 3957 921 4021; x_wconf 89' lang='lat' dir='ltr'>nifica,</span> <span class='ocrx_word' id='word_1_285' title='bbox 930 3969 961 4013; x_wconf 91' lang='lat' dir='ltr'>et</span> <span class='ocrx_word' id='word_1_286' title='bbox 970 3959 1093 4030; x_wconf 83' lang='lat' dir='ltr'>angelos</span> <span class='ocrx_word' id='word_1_287' title='bbox 1101 3968 1216 4015; x_wconf 86' lang='lat' dir='ltr'>stantes</span> <span class='ocrx_word' id='word_1_288' title='bbox 1227 3960 1255 4014; x_wconf 92' lang='lat' dir='ltr'>in</span> <span class='ocrx_word' id='word_1_289' title='bbox 1265 3960 1361 4017; x_wconf 80' lang='lat' dir='ltr'>forma</span> 
     </span>
     <span class='ocr_line' id='line_1_34' title="bbox 243 4038 1360 4113; baseline 0.002 -20"><span class='ocrx_word' id='word_1_290' title='bbox 243 4039 332 4094; x_wconf 94' lang='lat' dir='ltr'>incidi</span> <span class='ocrx_word' id='word_1_291' title='bbox 355 4040 384 4094; x_wconf 88' lang='lat' dir='ltr'>in</span> <span class='ocrx_word' id='word_1_292' title='bbox 406 4039 584 4109; x_wconf 77' lang='lat' dir='ltr'>profundam</span> <span class='ocrx_word' id='word_1_293' title='bbox 605 4038 774 4094; x_wconf 88' lang='lat' dir='ltr'>meditatio-</span> <span class='ocrx_word' id='word_1_294' title='bbox 825 4039 895 4093; x_wconf 91' lang='lat' dir='ltr'>circi</span> <span class='ocrx_word' id='word_1_295' title='bbox 916 4056 935 4094; x_wconf 92' lang='lat' dir='ltr'>a</span> <span class='ocrx_word' id='word_1_296' title='bbox 955 4040 1046 4095; x_wconf 88' lang='lat' dir='ltr'>latere</span> <span class='ocrx_word' id='word_1_297' title='bbox 1069 4040 1254 4095; x_wconf 86' lang='lat' dir='ltr'>meridionali</span> <span class='ocrx_word' id='word_1_298' title='bbox 1276 4058 1360 4113; x_wconf 89' lang='lat' dir='ltr'>aper-</span> 
     </span>
     <span class='ocr_line' id='line_1_35' title="bbox 243 4119 1360 4190; baseline 0.004 -17"><span class='ocrx_word' id='word_1_299' title='bbox 243 4120 445 4180; x_wconf 75' lang='lat' dir='ltr'>nemdeDeot</span> <span class='ocrx_word' id='word_1_300' title='bbox 463 4119 773 4190; x_wconf 84' lang='lat' dir='ltr'>etcumsuspexi,vidi</span> <span class='ocrx_word' id='word_1_301' title='bbox 825 4129 918 4180; x_wconf 87' lang='lat' dir='ltr'>turae,</span> <span class='ocrx_word' id='word_1_302' title='bbox 940 4129 971 4173; x_wconf 82' lang='lat' dir='ltr'>et</span> <span class='ocrx_word' id='word_1_303' title='bbox 996 4120 1194 4189; x_wconf 87' lang='lat' dir='ltr'>loquebantur</span> <span class='ocrx_word' id='word_1_304' title='bbox 1218 4120 1296 4175; x_wconf 91' lang='lat' dir='ltr'>inter</span> <span class='ocrx_word' id='word_1_305' title='bbox 1319 4140 1360 4178; x_wconf 87' lang='lat' dir='ltr'>se.</span> 
     </span>
     <span class='ocr_line' id='line_1_36' title="bbox 243 4199 1360 4271; baseline 0.004 -18"><span class='ocrx_word' id='word_1_306' title='bbox 243 4216 332 4269; x_wconf 87' lang='lat' dir='ltr'>supra</span> <span class='ocrx_word' id='word_1_307' title='bbox 350 4204 398 4254; x_wconf 86' lang='lat' dir='ltr'>me</span> <span class='ocrx_word' id='word_1_308' title='bbox 417 4201 446 4254; x_wconf 90' lang='lat' dir='ltr'>in</span> <span class='ocrx_word' id='word_1_309' title='bbox 461 4200 552 4256; x_wconf 88' lang='lat' dir='ltr'>Caelo</span> <span class='ocrx_word' id='word_1_310' title='bbox 565 4201 660 4255; x_wconf 83' lang='lat' dir='ltr'>lucem</span> <span class='ocrx_word' id='word_1_311' title='bbox 674 4200 774 4254; x_wconf 87' lang='lat' dir='ltr'>candi·</span> <span class='ocrx_word' id='word_1_312' title='bbox 828 4199 866 4255; x_wconf 86' lang='lat' dir='ltr'>Et</span> <span class='ocrx_word' id='word_1_313' title='bbox 880 4201 951 4271; x_wconf 90' lang='lat' dir='ltr'>quia</span> <span class='ocrx_word' id='word_1_314' title='bbox 959 4200 1142 4255; x_wconf 89' lang='lat' dir='ltr'>accendebar</span> <span class='ocrx_word' id='word_1_315' title='bbox 1150 4200 1299 4256; x_wconf 88' lang='lat' dir='ltr'>desiderio</span> <span class='ocrx_word' id='word_1_316' title='bbox 1308 4218 1360 4257; x_wconf 90' lang='lat' dir='ltr'>au·</span> 
     </span>
     <span class='ocr_line' id='line_1_37' title="bbox 243 4280 1360 4351; baseline 0.004 -18"><span class='ocrx_word' id='word_1_317' title='bbox 243 4280 395 4335; x_wconf 80' lang='lat' dir='ltr'>dissimum</span> <span class='ocrx_word' id='word_1_318' title='bbox 406 4280 435 4334; x_wconf 91' lang='lat' dir='ltr'>in</span> <span class='ocrx_word' id='word_1_319' title='bbox 447 4280 646 4343; x_wconf 84' lang='lat' dir='ltr'>lormaovali;</span> <span class='ocrx_word' id='word_1_320' title='bbox 664 4290 773 4335; x_wconf 90' lang='lat' dir='ltr'>etcum</span> <span class='ocrx_word' id='word_1_321' title='bbox 826 4280 926 4335; x_wconf 91' lang='lat' dir='ltr'>diendi</span> <span class='ocrx_word' id='word_1_322' title='bbox 956 4280 1027 4351; x_wconf 91' lang='lat' dir='ltr'>quid</span> <span class='ocrx_word' id='word_1_323' title='bbox 1056 4281 1262 4349; x_wconf 86' lang='lat' dir='ltr'>loquebantur,</span> <span class='ocrx_word' id='word_1_324' title='bbox 1291 4282 1360 4337; x_wconf 90' lang='lat' dir='ltr'>ideo</span> 
     </span>
     <span class='ocr_line' id='line_1_38' title="bbox 243 4359 1360 4429; baseline 0.004 -16"><span class='ocrx_word' id='word_1_325' title='bbox 243 4359 292 4415; x_wconf 81' lang='lat' dir='ltr'>lixi</span> <span class='ocrx_word' id='word_1_326' title='bbox 306 4360 447 4415; x_wconf 89' lang='lat' dir='ltr'>intuitum</span> <span class='ocrx_word' id='word_1_327' title='bbox 462 4362 491 4415; x_wconf 92' lang='lat' dir='ltr'>in</span> <span class='ocrx_word' id='word_1_328' title='bbox 510 4360 575 4415; x_wconf 90' lang='lat' dir='ltr'>luce</span> <span class='ocrx_word' id='word_1_329' title='bbox 589 4361 646 4423; x_wconf 80' lang='lat' dir='ltr'>illa,</span> <span class='ocrx_word' id='word_1_330' title='bbox 657 4360 775 4416; x_wconf 83' lang='lat' dir='ltr'>recede·</span> <span class='ocrx_word' id='word_1_331' title='bbox 826 4360 952 4414; x_wconf 87' lang='lat' dir='ltr'>dabatur</span> <span class='ocrx_word' id='word_1_332' title='bbox 965 4360 1038 4413; x_wconf 89' lang='lat' dir='ltr'>mibi</span> <span class='ocrx_word' id='word_1_333' title='bbox 1056 4361 1184 4429; x_wconf 89' lang='lat' dir='ltr'>primum</span> <span class='ocrx_word' id='word_1_334' title='bbox 1197 4361 1299 4417; x_wconf 85' lang='lat' dir='ltr'>audire</span> <span class='ocrx_word' id='word_1_335' title='bbox 1311 4380 1360 4417; x_wconf 88' lang='lat' dir='ltr'>so-</span> 
     </span>
     <span class='ocr_line' id='line_1_39' title="bbox 243 4440 1360 4511; baseline 0.001 -15"><span class='ocrx_word' id='word_1_336' title='bbox 243 4442 294 4496; x_wconf 89' lang='lat' dir='ltr'>bat</span> <span class='ocrx_word' id='word_1_337' title='bbox 312 4442 362 4496; x_wconf 84' lang='lat' dir='ltr'>lux</span> <span class='ocrx_word' id='word_1_338' title='bbox 379 4442 417 4496; x_wconf 91' lang='lat' dir='ltr'>ad</span> <span class='ocrx_word' id='word_1_339' title='bbox 436 4440 535 4503; x_wconf 85' lang='lat' dir='ltr'>latera.</span> <span class='ocrx_word' id='word_1_340' title='bbox 549 4451 580 4495; x_wconf 89' lang='lat' dir='ltr'>et</span> <span class='ocrx_word' id='word_1_341' title='bbox 599 4441 726 4495; x_wconf 84' lang='lat' dir='ltr'>intrabat</span> <span class='ocrx_word' id='word_1_342' title='bbox 745 4440 774 4495; x_wconf 86' lang='lat' dir='ltr'>in</span> <span class='ocrx_word' id='word_1_343' title='bbox 826 4456 897 4495; x_wconf 90' lang='lat' dir='ltr'>num</span> <span class='ocrx_word' id='word_1_344' title='bbox 913 4440 965 4511; x_wconf 93' lang='lat' dir='ltr'>qui</span> <span class='ocrx_word' id='word_1_345' title='bbox 981 4442 1086 4511; x_wconf 85' lang='lat' dir='ltr'>plenus</span> <span class='ocrx_word' id='word_1_346' title='bbox 1098 4452 1162 4496; x_wconf 89' lang='lat' dir='ltr'>erat</span> <span class='ocrx_word' id='word_1_347' title='bbox 1176 4458 1278 4499; x_wconf 86' lang='lat' dir='ltr'>amore</span> <span class='ocrx_word' id='word_1_348' title='bbox 1293 4458 1360 4498; x_wconf 83' lang='lat' dir='ltr'>cae·</span> 
     </span>
     <span class='ocr_line' id='line_1_40' title="bbox 244 4520 1359 4593; baseline 0.004 -18"><span class='ocrx_word' id='word_1_349' title='bbox 244 4521 439 4593; x_wconf 82' lang='lat' dir='ltr'>peripherias:</span> <span class='ocrx_word' id='word_1_350' title='bbox 464 4530 495 4576; x_wconf 89' lang='lat' dir='ltr'>et</span> <span class='ocrx_word' id='word_1_351' title='bbox 512 4530 666 4576; x_wconf 89' lang='lat' dir='ltr'>tuncecce</span> <span class='ocrx_word' id='word_1_352' title='bbox 680 4520 775 4591; x_wconf 89' lang='lat' dir='ltr'>patuit</span> <span class='ocrx_word' id='word_1_353' title='bbox 826 4521 901 4583; x_wconf 86' lang='lat' dir='ltr'>lesti,</span> <span class='ocrx_word' id='word_1_354' title='bbox 926 4532 957 4575; x_wconf 90' lang='lat' dir='ltr'>et</span> <span class='ocrx_word' id='word_1_355' title='bbox 981 4533 1085 4591; x_wconf 87' lang='lat' dir='ltr'>postea</span> <span class='ocrx_word' id='word_1_356' title='bbox 1109 4521 1257 4593; x_wconf 90' lang='lat' dir='ltr'>loquelam</span> <span class='ocrx_word' id='word_1_357' title='bbox 1282 4539 1359 4593; x_wconf 86' lang='lat' dir='ltr'>quae</span> 
     </span>
     <span class='ocr_line' id='line_1_41' title="bbox 245 4600 1351 4673; baseline 0.002 -16"><span class='ocrx_word' id='word_1_358' title='bbox 245 4602 316 4657; x_wconf 86' lang='lat' dir='ltr'>mihi</span> <span class='ocrx_word' id='word_1_359' title='bbox 327 4601 458 4665; x_wconf 84' lang='lat' dir='ltr'>Caelum,</span> <span class='ocrx_word' id='word_1_360' title='bbox 469 4613 499 4657; x_wconf 90' lang='lat' dir='ltr'>et</span> <span class='ocrx_word' id='word_1_361' title='bbox 511 4600 572 4656; x_wconf 86' lang='lat' dir='ltr'>vidi</span> <span class='ocrx_word' id='word_1_362' title='bbox 585 4601 684 4673; x_wconf 85' lang='lat' dir='ltr'>aliqua</span> <span class='ocrx_word' id='word_1_363' title='bbox 694 4616 775 4673; x_wconf 82' lang='lat' dir='ltr'>mag-</span> <span class='ocrx_word' id='word_1_364' title='bbox 827 4602 915 4672; x_wconf 85' lang='lat' dir='ltr'>plena</span> <span class='ocrx_word' id='word_1_365' title='bbox 922 4612 985 4655; x_wconf 88' lang='lat' dir='ltr'>erat</span> <span class='ocrx_word' id='word_1_366' title='bbox 991 4600 1181 4671; x_wconf 84' lang='lat' dir='ltr'>sapientiaex</span> <span class='ocrx_word' id='word_1_367' title='bbox 1191 4601 1243 4657; x_wconf 91' lang='lat' dir='ltr'>illo</span> <span class='ocrx_word' id='word_1_368' title='bbox 1249 4619 1351 4659; x_wconf 87' lang='lat' dir='ltr'>amore</span> 
     </span>
    </p>
   </div>
   <div class='ocr_carea' id='block_1_6' title="bbox 0 0 1696 5400">
    <p class='ocr_par' dir='ltr' id='par_1_6' title="bbox 0 0 1696 5400">
     <span class='ocr_line' id='line_1_42' title="bbox 0 0 1696 5400; baseline 0 0"><span class='ocrx_word' id='word_1_369' title='bbox 0 0 1696 5400; x_wconf 95' lang='lat' dir='ltr'> </span> 
     </span>
    </p>
   </div>
  </div>
 </body>
</html>
