3384 5400
558 711 637 762 CAP.
654 710 741 774 xvt,
758 710 861 762 VERS.
880 711 986 778 5.-Ν.
1001 701 1073 763 686.
1305 713 1367 782 593

244 881 403 945 ffivinum
431 879 570 957 Verum,
598 889 634 945 et
661 881 693 946 in
721 882 880 964 opposito
906 901 1007 945 sensu
1032 881 1115 944 illud
1141 880 1366 960 falsificatum,

241 976 397 1039 videatur
416 995 515 1057 supra
533 973 580 1057 (n.
601 973 714 1058 379¹¹¹).
759 974 861 1057 Quod
885 974 1044 1038 Divinum
1064 975 1192 1040 Verum
1210 975 1366 1040 falsifica-

242 1079 315 1133 tum
334 1080 369 1133 et
388 1069 636 1152 prophanatum
652 1068 859 1151 significetur
874 1089 933 1152 per
950 1069 1206 1152 “sanguinem”
1220 1082 1274 1134 est
1289 1073 1367 1154 quia

242 1163 360 1246 Judaei
378 1163 565 1228 effuderunt
584 1163 790 1245 Sanguinem
811 1163 957 1238 Domini,
974 1165 1030 1247 qui
1048 1173 1121 1228 erat
1138 1163 1251 1246 Ipsum
1271 1165 1365 1229 Divi·

242 1277 323 1321 num
333 1255 461 1321 Verum
472 1279 531 1321 seu
542 1257 692 1322 Verbum
705 1279 712 1336 ;
729 1267 764 1322 et
777 1258 841 1321 hoc
855 1257 1006 1322 fecerunt
1016 1259 1094 1341 quia
1105 1256 1366 1324 falsificaverunt

242 1361 278 1416 et
291 1351 587 1434 prophanaverunt
597 1353 710 1416 omnia
722 1373 798 1416 vera
809 1352 924 1415 Verbi.
956 1350 1057 1433 Quod
1071 1352 1236 1416 Dominus
1248 1373 1366 1436 passus

241 1445 285 1510 sit
305 1455 341 1509 ut
360 1445 522 1522 Verbum,
542 1467 601 1510 seu
619 1447 708 1529 quod
730 1446 823 1510 Gens
839 1447 980 1528 Judaica
997 1445 1195 1508 violentiam
1214 1446 1365 1512 intulerit

241 1537 401 1614 Domino,
418 1543 504 1604 sicut
523 1533 683 1605 intulerat
702 1539 829 1616 Verbo,
845 1541 1000 1604 videatur
1017 1541 1050 1603 in
1069 1537 1232 1604 Doctrina
1248 1539 1368 1604 Novae

240 1632 489 1716 Hierosolyma
502 1636 543 1698 de
560 1633 700 1698 Domino
724 1633 771 1717 (n.
795 1633 921 1716 15-17).
967 1633 1068 1715 Quod
1091 1633 1139 1696 illi
1157 1635 1213 1717 qui
1235 1635 1269 1697 in
1291 1635 1365 1699 sola

242 1727 327 1792 Fide
354 1739 443 1804 sunt,
471 1727 648 1793 falsificent
675 1731 787 1793 omnia
814 1749 894 1792 vera
921 1726 1038 1803 Verbi,
1066 1737 1120 1792 est
1147 1729 1224 1811 quia
1252 1738 1363 1793 totum

241 1821 394 1888 Verbum
407 1825 478 1906 agit
490 1825 534 1888 de
546 1822 630 1888 Vita
641 1823 826 1888 secundum
843 1824 1028 1905 Praecepta
1040 1823 1094 1897 ibi,
1108 1831 1144 1885 et
1156 1823 1199 1886 de
1216 1821 1365 1888 Domino

241 1917 332 2000 quod
355 1919 398 1982 sit
419 1918 573 1999 Jehovah
595 1927 631 1981 et
655 1916 753 1982 Solus
777 1917 892 1994 Deus;
920 1927 955 1981 et
978 1916 1026 1980 illi
1047 1918 1104 1999 qui
1127 1917 1160 1980 in
1182 1915 1256 1980 sola
1279 1917 1364 1983 Fide

240 2021 330 2086 sunt,
351 2032 418 2075 non
438 2013 593 2093 cogitant
612 2011 655 2075 de
674 2011 756 2076 Vita
774 2012 960 2075 secundum
980 2021 1162 2094 praecepta
1179 2012 1214 2074 in
1234 2011 1362 2090 Verbo,

240 2125 304 2169 nec
322 2105 449 2170 adeunt
468 2106 662 2169 Dominum.

301 2201 403 2285 685·
417 2212 503 2280 [Vm.
513 2213 552 2280 5.]
570 2202 893 2285 'nk'tuudiridngalum
902 2221 1052 2285 uquarum
1061 2201 1362 2284 dioentoml'signi·

239 2292 320 2358 licat
348 2293 510 2358 Debrirum
547 2293 666 2359 Verum
703 2294 917 2359 Verbi—Per
944 2293 1150 2376 “Angelum
1179 2315 1339 2377 aquarum
1347 2297 1363 2322 ”

241 2408 310 2453 non
334 2389 425 2452 ‘aliud
452 2389 659 2472 significatur
681 2410 781 2472 quam
810 2389 972 2454 Divinum·
994 2389 1122 2452 Verum
1146 2388 1262 2464 Verbi,
1285 2391 1364 2471 quia

241 2483 400 2567 “aquae'’
422 2483 613 2566 significant
635 2505 714 2548 vera
739 2483 786 2566 (n.
813 2485 879 2566 50),
903 2495 938 2547 et
963 2482 1172 2564 “Angelus'’
1194 2483 1363 2565 significat

239 2577 398 2642 Divinum
417 2600 439 2642 a
460 2577 610 2643 Domino
630 2577 677 2660 (n.
692 2593 766 2661 415,
782 2579 855 2659 631,
871 2577 961 2660 633),
978 2587 1013 2642 et
1032 2598 1165 2662 quoque
1183 2598 1299 2642 verum
1318 2579 1362 2643 ab

240 2673 320 2757 Ipso
340 2671 386 2755 (n.
411 2672 495 2757 ¹70)-

300 2770 405 2837 ⁶8⁶.
433 2770 571 2833 ‘duum
584 2788 620 2834 or
641 2770 775 2844 domino,
791 2770 851 2842 dui
868 2770 924 2834 Eat
942 2776 977 2833 et
996 2769 1055 2841 Oui
1070 2768 1149 2842 fud,
1163 2775 1198 2832 at
1216 2768 1361 2843 tumus,

239 2860 311 2942 quin
323 2860 403 2923 luae
410 2860 597 2943 judicastist
610 2858 779 2942 significat
794 2861 885 2942 quod
898 2860 958 2923 hoc
970 2861 1020 2924 sit
1032 2882 1075 2923 cx
1087 2859 1220 2923 Divina
1233 2858 1360 2924 Provi-

238 2952 351 3017 dentia
366 2950 509 3029 Domini,
530 2952 597 3031 Qui
610 2964 661 3017 est
677 2963 709 3017 et
729 2952 795 3031 Qui
800 2954 877 3033 fuit
901 2952 1052 3027 Verbum,
1070 2972 1110 3015 ac
1126 2952 1244 3034 Ipsum
1260 2952 1360 3015 Divi·

240 3068 317 3111 num
358 3046 487 3124 Verum,
520 3048 610 3131 quod
641 3048 788 3130 alioquin
816 3048 1163 3129 prophanaretur.—“
1176 3046 1291 3129 Justus
1323 3068 1360 3112 es

239 3140 396 3218 Domine,
413 3144 490 3225 quia
505 3143 588 3207 haec
601 3142 787 3225 judicasti,'’
803 3142 971 3226 significat
987 3143 1078 3225 quod
1093 3142 1157 3206 hoc
1174 3164 1219 3205 ex
1236 3142 1361 3206 Divina

239 3234 374 3300 Domini
392 3237 605 3300 Providentia
624 3238 679 3311 sit,
699 3237 742 3300 de
760 3257 826 3319 qua
841 3238 1011 3320 sequitur3
1038 3234 1132 3317 “Qui
1155 3236 1219 3300 Est
1237 3246 1273 3300 et
1292 3234 1359 3318 Qui

240 3330 318 3393 Fuit
326 3331 340 3356 '’
357 3330 524 3412 significat
541 3330 724 3395 Dominum
740 3332 851 3413 quoad
869 3330 1032 3405 Verbum,
1049 3331 1138 3414 quod
1157 3333 1201 3393 sit
1217 3341 1252 3394 et
1268 3332 1358 3413 quod

238 3424 335 3490 luerit
351 3424 502 3490 Verbum
520 3423 719 3507 (secundum
735 3425 817 3499 Joh.
834 3427 854 3487 i.
875 3442 900 3501 1,
917 3442 947 3500 2,
969 3425 1031 3507 14).
1076 3423 1177 3506 Quod
1194 3424 1360 3488 Dominus

238 3519 292 3583 hic
319 3530 354 3583 ut
379 3518 530 3583 Verbum
559 3520 779 3602 intelligatur,
797 3530 857 3583 est
883 3520 1028 3601 quiade
1053 3517 1229 3583 intelledtu
1254 3519 1359 3583 Verbi

238 3616 326 3699 apud
349 3612 435 3689 illos,
455 3615 509 3697 qui
533 3614 576 3677 ab
597 3614 751 3677 Ecclesia
769 3625 859 3687 sunt,
878 3616 1010 3695 agitur;
1033 3613 1129 3696 plura
1146 3634 1232 3696 quae
1254 3614 1358 3695 signi·

238 3708 379 3773 ficantur
391 3729 450 3791 per
461 3714 480 3741 “
491 3708 554 3771 Est
567 3719 601 3772 et
616 3707 723 3784 Fuit,'’
734 3714 753 3741 ‘⁴
764 3708 963 3791 Principium
975 3720 1010 3771 et
1024 3708 1053 3769 F
1055 3707 1173 3783 inem,”
1184 3708 1358 3771 “Primum

238 3813 273 3868 et
289 3802 485 3877 Ultimum,”
499 3802 677 3885 “Alpham
694 3813 728 3867 et
746 3801 944 3885 Omegam,’'
960 3803 1014 3879 ubi
1030 3803 1073 3866 de
1090 3801 1248 3876 Domino,
1264 3803 1358 3867 vide-

237 3908 337 3961 antur
355 3917 454 3979 supra
474 3895 521 3979 (n.
542 3914 588 3977 13,
606 3913 657 3977 29,
675 3912 725 3977 30,
744 3914 793 3977 31,
811 3899 862 3977 38,
882 3896 957 3979 57);
981 3917 1039 3978 per
1055 3896 1145 3979 quod
1163 3894 1359 3960 “Samius'’

237 3988 443 4073 significatur
465 3991 554 4075 quod
578 3993 621 4056 sit
646 3991 760 4074 Ipsum
784 3992 943 4055 Divinum
967 3990 1095 4055 Verum
1120 3989 1167 4073 (n.
1195 4006 1263 4071 173,
1286 3992 1357 4070 586,

235 4085 324 4168 666).
371 4084 426 4147 Ex
445 4085 496 4149 his
514 4094 611 4167 patet
630 4086 721 4169 quod
743 4106 802 4169 per
822 4085 956 4166 “justus
974 4106 1011 4150 es
1031 4085 1187 4160 Domine,
1207 4082 1274 4165 Qui
1293 4085 1359 4151 Est

123 4186 126 4193 “
236 4191 271 4244 et
294 4178 361 4261 Qui
389 4178 477 4253 Fuit,
497 4190 532 4243 et
559 4178 713 4253 SanCtus,
737 4182 815 4263 quia
841 4181 924 4244 haec
944 4178 1131 4261 judicasti,”
1152 4178 1359 4261 significetur

236 4276 325 4356 quod
342 4275 406 4337 hoc
419 4276 462 4338 sit
475 4294 520 4337 ex
537 4273 658 4337 Divina
678 4275 893 4339 Providentia
906 4274 1053 4349 Domini,
1067 4272 1134 4355 Qui
1147 4272 1210 4337 Est
1226 4284 1261 4337 et
1279 4273 1358 4337 Fuit

237 4367 388 4431 Verbum
407 4377 442 4432 et
462 4366 575 4450 Ipsum
597 4368 754 4433 Divinum
772 4369 910 4433 Verum.
955 4367 1056 4450 Quod
1075 4390 1120 4431 ex
1138 4368 1260 4432 Divina
1279 4368 1358 4434 Pro·

234 4462 386 4526 videntia
404 4461 540 4526 Domini
559 4464 612 4539 sit,
632 4465 723 4547 quod
746 4463 793 4527 illi
812 4466 867 4547 qui
890 4463 1016 4527 insola
1039 4463 1124 4526 Fide
1141 4474 1220 4526 sunt
1243 4462 1356 4526 falsifi-

235 4566 314 4621 cent
337 4577 418 4620 vera
436 4554 551 4631 Verbi,
571 4568 624 4621 est
646 4560 724 4641 quia
746 4560 772 4621 si
795 4562 920 4622 scirent
943 4558 1011 4633 illa,
1032 4579 1135 4641 usque
1159 4568 1195 4621 ut
1218 4560 1357 4621 interius

235 4652 427 4732 cogitarent
447 4650 514 4728 illa,
531 4653 781 4735 prophanarent
801 4654 879 4731 illa;
902 4663 980 4718 sunt
999 4654 1139 4717 enimin
1155 4652 1262 4728 malis,
1279 4654 1357 4735 quia
