<?xml version="1.0" encoding="UTF-8"?>
<!DOCTYPE html PUBLIC "-//W3C//DTD XHTML 1.0 Transitional//EN"
    "http://www.w3.org/TR/xhtml1/DTD/xhtml1-transitional.dtd">
<html xmlns="http://www.w3.org/1999/xhtml" xml:lang="en" lang="en">
 <head>
  <title>
</title>
<meta http-equiv="Content-Type" content="text/html;charset=utf-8" />
  <meta name='ocr-system' content='tesseract 3.04.00' />
  <meta name='ocr-capabilities' content='ocr_page ocr_carea ocr_par ocr_line ocrx_word'/>
</head>
<body>
  <div class='ocr_page' id='page_1' title='image "./apocalypsisreve00swedgoog_0273.png"; bbox 0 0 3384 5400; ppageno 0'>
   <div class='ocr_carea' id='block_1_1' title="bbox 719 708 1367 787">
    <p class='ocr_par' dir='ltr' id='par_1_1' title="bbox 719 708 1367 787">
     <span class='ocr_line' id='line_1_1' title="bbox 719 708 1367 787; baseline 0.002 -18"><span class='ocrx_word' id='word_1_1' title='bbox 719 718 799 770; x_wconf 68' lang='lat' dir='ltr'>can.</span> <span class='ocrx_word' id='word_1_2' title='bbox 819 719 897 769; x_wconf 86' lang='lat' dir='ltr'>xx1.</span> <span class='ocrx_word' id='word_1_3' title='bbox 1305 708 1367 787; x_wconf 84' lang='lat'>783</span> 
     </span>
    </p>
   </div>
   <div class='ocr_carea' id='block_1_2' title="bbox 246 884 1420 4612">
    <p class='ocr_par' dir='ltr' id='par_1_2' title="bbox 249 884 1368 1106">
     <span class='ocr_line' id='line_1_2' title="bbox 250 884 1368 987; baseline 0.002 -26"><span class='ocrx_word' id='word_1_4' title='bbox 250 884 422 977; x_wconf 86' lang='lat' dir='ltr'>latris„et</span> <span class='ocrx_word' id='word_1_5' title='bbox 440 886 611 962; x_wconf 92' lang='lat' dir='ltr'>omnibus</span> <span class='ocrx_word' id='word_1_6' title='bbox 631 887 881 970; x_wconf 86' lang='lat' dir='ltr'><strong>mendacibus,</strong></span> <span class='ocrx_word' id='word_1_7' title='bbox 903 912 986 985; x_wconf 86' lang='lat' dir='ltr'>pars</span> <span class='ocrx_word' id='word_1_8' title='bbox 1010 885 1151 963; x_wconf 91' lang='lat' dir='ltr'>illorum</span> <span class='ocrx_word' id='word_1_9' title='bbox 1175 886 1213 961; x_wconf 94' lang='lat' dir='ltr'>in</span> <span class='ocrx_word' id='word_1_10' title='bbox 1233 902 1368 987; x_wconf 90' lang='lat' dir='ltr'>stagno</span> 
     </span>
     <span class='ocr_line' id='line_1_3' title="bbox 249 1006 1230 1106; baseline 0.001 -26"><span class='ocrx_word' id='word_1_11' title='bbox 249 1007 402 1081; x_wconf 82' lang='lat' dir='ltr'>ardente</span> <span class='ocrx_word' id='word_1_12' title='bbox 420 1007 507 1105; x_wconf 87' lang='lat' dir='ltr'>igne</span> <span class='ocrx_word' id='word_1_13' title='bbox 524 1024 564 1081; x_wconf 83' lang='lat' dir='ltr'>et</span> <span class='ocrx_word' id='word_1_14' title='bbox 579 1006 773 1105; x_wconf 88' lang='lat' dir='ltr'>sulphure;</span> <span class='ocrx_word' id='word_1_15' title='bbox 799 1033 897 1106; x_wconf 87' lang='lat' dir='ltr'>quae</span> <span class='ocrx_word' id='word_1_16' title='bbox 915 1023 972 1081; x_wconf 89' lang='lat' dir='ltr'>est</span> <span class='ocrx_word' id='word_1_17' title='bbox 989 1006 1104 1081; x_wconf 87' lang='lat' dir='ltr'>altera</span> <span class='ocrx_word' id='word_1_18' title='bbox 1122 1032 1230 1082; x_wconf 89' lang='lat' dir='ltr'>mors.</span> 
     </span>
    </p>

    <p class='ocr_par' dir='ltr' id='par_1_3' title="bbox 248 1126 1368 1587">
     <span class='ocr_line' id='line_1_4' title="bbox 298 1126 1365 1225; baseline 0.001 -26"><span class='ocrx_word' id='word_1_19' title='bbox 298 1150 333 1218; x_wconf 88' lang='lat'>9.</span> <span class='ocrx_word' id='word_1_20' title='bbox 367 1127 416 1199; x_wconf 91' lang='lat' dir='ltr'>Et</span> <span class='ocrx_word' id='word_1_21' title='bbox 433 1127 537 1201; x_wconf 91' lang='lat' dir='ltr'>venit</span> <span class='ocrx_word' id='word_1_22' title='bbox 555 1126 603 1200; x_wconf 91' lang='lat' dir='ltr'>ad</span> <span class='ocrx_word' id='word_1_23' title='bbox 625 1152 685 1201; x_wconf 93' lang='lat' dir='ltr'>me</span> <span class='ocrx_word' id='word_1_24' title='bbox 707 1152 801 1200; x_wconf 92' lang='lat' dir='ltr'>unus</span> <span class='ocrx_word' id='word_1_25' title='bbox 819 1143 962 1224; x_wconf 89' lang='lat' dir='ltr'>septem</span> <span class='ocrx_word' id='word_1_26' title='bbox 981 1127 1211 1225; x_wconf 87' lang='lat' dir='ltr'>Angelorum</span> <span class='ocrx_word' id='word_1_27' title='bbox 1229 1127 1365 1202; x_wconf 91' lang='lat' dir='ltr'>haben-</span> 
     </span>
     <span class='ocr_line' id='line_1_5' title="bbox 248 1246 1368 1346; baseline -0.001 -23"><span class='ocrx_word' id='word_1_28' title='bbox 248 1248 338 1323; x_wconf 89' lang='lat' dir='ltr'><strong>tium</strong></span> <span class='ocrx_word' id='word_1_29' title='bbox 364 1263 509 1346; x_wconf 85' lang='lat' dir='ltr'>septem</span> <span class='ocrx_word' id='word_1_30' title='bbox 534 1246 674 1345; x_wconf 86' lang='lat' dir='ltr'>phialas</span> <span class='ocrx_word' id='word_1_31' title='bbox 700 1247 827 1344; x_wconf 84' lang='lat' dir='ltr'>plenas</span> <span class='ocrx_word' id='word_1_32' title='bbox 852 1263 994 1345; x_wconf 89' lang='lat' dir='ltr'>septem</span> <span class='ocrx_word' id='word_1_33' title='bbox 1019 1246 1138 1345; x_wconf 87' lang='lat' dir='ltr'>plagis</span> <span class='ocrx_word' id='word_1_34' title='bbox 1161 1246 1305 1331; x_wconf 85' lang='lat' dir='ltr'>ultimis,</span> <span class='ocrx_word' id='word_1_35' title='bbox 1329 1265 1368 1322; x_wconf 92' lang='lat' dir='ltr'>et</span> 
     </span>
     <span class='ocr_line' id='line_1_6' title="bbox 248 1365 1364 1465; baseline -0.002 -22"><span class='ocrx_word' id='word_1_36' title='bbox 248 1368 387 1443; x_wconf 91' lang='lat' dir='ltr'>locutus</span> <span class='ocrx_word' id='word_1_37' title='bbox 408 1384 467 1442; x_wconf 93' lang='lat' dir='ltr'>est</span> <span class='ocrx_word' id='word_1_38' title='bbox 487 1392 641 1451; x_wconf 92' lang='lat' dir='ltr'>mecum,</span> <span class='ocrx_word' id='word_1_39' title='bbox 659 1367 794 1452; x_wconf 91' lang='lat' dir='ltr'>dicens,</span> <span class='ocrx_word' id='word_1_40' title='bbox 813 1367 921 1451; x_wconf 91' lang='lat' dir='ltr'>Veni,</span> <span class='ocrx_word' id='word_1_41' title='bbox 943 1365 1134 1441; x_wconf 86' lang='lat' dir='ltr'>ostendam</span> <span class='ocrx_word' id='word_1_42' title='bbox 1156 1366 1220 1441; x_wconf 93' lang='lat' dir='ltr'>tibi</span> <span class='ocrx_word' id='word_1_43' title='bbox 1243 1367 1364 1465; x_wconf 92' lang='lat' dir='ltr'>Spon-</span> 
     </span>
     <span class='ocr_line' id='line_1_7' title="bbox 249 1488 645 1587; baseline -0.008 -24"><span class='ocrx_word' id='word_1_44' title='bbox 249 1514 328 1563; x_wconf 91' lang='lat' dir='ltr'>sam</span> <span class='ocrx_word' id='word_1_45' title='bbox 345 1488 448 1587; x_wconf 88' lang='lat' dir='ltr'>Agni</span> <span class='ocrx_word' id='word_1_46' title='bbox 468 1488 645 1561; x_wconf 86' lang='lat' dir='ltr'>Uxorem.</span> 
     </span>
    </p>

    <p class='ocr_par' dir='ltr' id='par_1_4' title="bbox 248 1609 1365 1949">
     <span class='ocr_line' id='line_1_8' title="bbox 302 1609 1365 1711; baseline -0.002 -24"><span class='ocrx_word' id='word_1_47' title='bbox 302 1637 357 1687; x_wconf 89' lang='lat'>10.</span> <span class='ocrx_word' id='word_1_48' title='bbox 392 1612 441 1686; x_wconf 92' lang='lat' dir='ltr'>Et</span> <span class='ocrx_word' id='word_1_49' title='bbox 452 1609 597 1685; x_wconf 87' lang='lat' dir='ltr'>abstulit</span> <span class='ocrx_word' id='word_1_50' title='bbox 610 1636 670 1684; x_wconf 92' lang='lat' dir='ltr'>me</span> <span class='ocrx_word' id='word_1_51' title='bbox 687 1610 723 1683; x_wconf 94' lang='lat' dir='ltr'>in</span> <span class='ocrx_word' id='word_1_52' title='bbox 741 1610 869 1707; x_wconf 90' lang='lat' dir='ltr'>spiritu</span> <span class='ocrx_word' id='word_1_53' title='bbox 883 1626 1171 1708; x_wconf 89' lang='lat' dir='ltr'>supermontem</span> <span class='ocrx_word' id='word_1_54' title='bbox 1190 1636 1365 1711; x_wconf 87' lang='lat' dir='ltr'>magnum</span> 
     </span>
     <span class='ocr_line' id='line_1_9' title="bbox 248 1730 1365 1829; baseline -0.001 -22"><span class='ocrx_word' id='word_1_55' title='bbox 248 1750 286 1807; x_wconf 97' lang='lat' dir='ltr'>et</span> <span class='ocrx_word' id='word_1_56' title='bbox 314 1732 439 1816; x_wconf 92' lang='lat' dir='ltr'>altum,</span> <span class='ocrx_word' id='word_1_57' title='bbox 468 1748 507 1805; x_wconf 91' lang='lat' dir='ltr'>et</span> <span class='ocrx_word' id='word_1_58' title='bbox 535 1730 697 1805; x_wconf 89' lang='lat' dir='ltr'>ostendit</span> <span class='ocrx_word' id='word_1_59' title='bbox 726 1730 814 1804; x_wconf 92' lang='lat' dir='ltr'>mihi</span> <span class='ocrx_word' id='word_1_60' title='bbox 845 1732 973 1804; x_wconf 90' lang='lat' dir='ltr'>urbem</span> <span class='ocrx_word' id='word_1_61' title='bbox 1002 1756 1173 1829; x_wconf 90' lang='lat' dir='ltr'>magnam</span> <span class='ocrx_word' id='word_1_62' title='bbox 1201 1730 1365 1806; x_wconf 76' lang='lat' dir='ltr'>sandlam</span> 
     </span>
     <span class='ocr_line' id='line_1_10' title="bbox 251 1850 1198 1949; baseline -0.002 -22"><span class='ocrx_word' id='word_1_63' title='bbox 251 1851 559 1949; x_wconf 89' lang='lat' dir='ltr'>Hierosolymam,</span> <span class='ocrx_word' id='word_1_64' title='bbox 577 1850 864 1924; x_wconf 86' lang='lat' dir='ltr'>descendentem</span> <span class='ocrx_word' id='word_1_65' title='bbox 882 1877 903 1922; x_wconf 95' lang='lat' dir='ltr'>e</span> <span class='ocrx_word' id='word_1_66' title='bbox 922 1850 1035 1925; x_wconf 90' lang='lat' dir='ltr'>Caelo</span> <span class='ocrx_word' id='word_1_67' title='bbox 1052 1877 1075 1924; x_wconf 90' lang='lat' dir='ltr'>a</span> <span class='ocrx_word' id='word_1_68' title='bbox 1094 1850 1198 1925; x_wconf 90' lang='lat' dir='ltr'>Deo:</span> 
     </span>
    </p>

    <p class='ocr_par' dir='ltr' id='par_1_5' title="bbox 248 1972 1364 2316">
     <span class='ocr_line' id='line_1_11' title="bbox 303 1972 1364 2074; baseline -0.002 -22"><span class='ocrx_word' id='word_1_69' title='bbox 303 2002 357 2052; x_wconf 92' lang='lat'>11.</span> <span class='ocrx_word' id='word_1_70' title='bbox 395 1977 606 2050; x_wconf 90' lang='lat' dir='ltr'>Habentem</span> <span class='ocrx_word' id='word_1_71' title='bbox 632 1974 787 2074; x_wconf 85' lang='lat' dir='ltr'>gloriam</span> <span class='ocrx_word' id='word_1_72' title='bbox 814 1974 907 2058; x_wconf 90' lang='lat' dir='ltr'>Dei;</span> <span class='ocrx_word' id='word_1_73' title='bbox 934 1990 973 2047; x_wconf 91' lang='lat' dir='ltr'>et</span> <span class='ocrx_word' id='word_1_74' title='bbox 997 1972 1121 2048; x_wconf 91' lang='lat' dir='ltr'>lumen</span> <span class='ocrx_word' id='word_1_75' title='bbox 1145 1976 1223 2074; x_wconf 90' lang='lat' dir='ltr'>ejus</span> <span class='ocrx_word' id='word_1_76' title='bbox 1248 1975 1364 2050; x_wconf 93' lang='lat' dir='ltr'>simile</span> 
     </span>
     <span class='ocr_line' id='line_1_12' title="bbox 248 2093 1363 2197; baseline -0.004 -24"><span class='ocrx_word' id='word_1_77' title='bbox 248 2096 356 2197; x_wconf 89' lang='lat' dir='ltr'>lapidi</span> <span class='ocrx_word' id='word_1_78' title='bbox 374 2097 647 2196; x_wconf 80' lang='lat' dir='ltr'>pretiosissime,</span> <span class='ocrx_word' id='word_1_79' title='bbox 665 2110 841 2191; x_wconf 86' lang='lat' dir='ltr'>tanquam</span> <span class='ocrx_word' id='word_1_80' title='bbox 859 2093 969 2191; x_wconf 88' lang='lat' dir='ltr'>lapidi</span> <span class='ocrx_word' id='word_1_81' title='bbox 980 2094 1115 2193; x_wconf 89' lang='lat' dir='ltr'>jaspidi</span> <span class='ocrx_word' id='word_1_82' title='bbox 1137 2095 1249 2169; x_wconf 90' lang='lat' dir='ltr'>instar</span> <span class='ocrx_word' id='word_1_83' title='bbox 1265 2122 1363 2193; x_wconf 83' lang='lat' dir='ltr'>crys-</span> 
     </span>
     <span class='ocr_line' id='line_1_13' title="bbox 250 2217 1269 2316; baseline -0.007 -23"><span class='ocrx_word' id='word_1_84' title='bbox 250 2219 320 2293; x_wconf 91' lang='lat' dir='ltr'>talli</span> <span class='ocrx_word' id='word_1_85' title='bbox 337 2217 564 2316; x_wconf 89' lang='lat' dir='ltr'>splendenti:</span> <span class='ocrx_word' id='word_1_86' title='bbox 1265 2246 1269 2254; x_wconf 58' lang='lat'>¹</span> 
     </span>
    </p>

    <p class='ocr_par' dir='ltr' id='par_1_6' title="bbox 248 2336 1420 2790">
     <span class='ocr_line' id='line_1_14' title="bbox 303 2336 1363 2435; baseline -0.003 -19"><span class='ocrx_word' id='word_1_87' title='bbox 303 2367 358 2416; x_wconf 89' lang='lat'>12.</span> <span class='ocrx_word' id='word_1_88' title='bbox 394 2342 608 2416; x_wconf 88' lang='lat' dir='ltr'>Habentem</span> <span class='ocrx_word' id='word_1_89' title='bbox 623 2363 767 2412; x_wconf 88' lang='lat' dir='ltr'>murum</span> <span class='ocrx_word' id='word_1_90' title='bbox 780 2363 955 2435; x_wconf 91' lang='lat' dir='ltr'>magnum</span> <span class='ocrx_word' id='word_1_91' title='bbox 973 2354 1011 2411; x_wconf 90' lang='lat' dir='ltr'>et</span> <span class='ocrx_word' id='word_1_92' title='bbox 1027 2336 1151 2423; x_wconf 88' lang='lat' dir='ltr'>altum,</span> <span class='ocrx_word' id='word_1_93' title='bbox 1164 2337 1363 2414; x_wconf 88' lang='lat' dir='ltr'>habentem</span> 
     </span>
     <span class='ocr_line' id='line_1_15' title="bbox 248 2456 1365 2560; baseline -0.003 -25"><span class='ocrx_word' id='word_1_94' title='bbox 248 2478 373 2560; x_wconf 92' lang='lat' dir='ltr'>portas</span> <span class='ocrx_word' id='word_1_95' title='bbox 389 2460 595 2543; x_wconf 90' lang='lat' dir='ltr'>duodecim,</span> <span class='ocrx_word' id='word_1_96' title='bbox 614 2475 653 2533; x_wconf 94' lang='lat' dir='ltr'>et</span> <span class='ocrx_word' id='word_1_97' title='bbox 669 2483 780 2555; x_wconf 90' lang='lat' dir='ltr'>super</span> <span class='ocrx_word' id='word_1_98' title='bbox 800 2458 914 2554; x_wconf 88' lang='lat' dir='ltr'>portis</span> <span class='ocrx_word' id='word_1_99' title='bbox 931 2457 1083 2554; x_wconf 90' lang='lat' dir='ltr'>angelos</span> <span class='ocrx_word' id='word_1_100' title='bbox 1100 2456 1307 2541; x_wconf 90' lang='lat' dir='ltr'>duodecim,</span> <span class='ocrx_word' id='word_1_101' title='bbox 1325 2476 1365 2532; x_wconf 89' lang='lat' dir='ltr'>et</span> 
     </span>
     <span class='ocr_line' id='line_1_16' title="bbox 250 2575 1363 2677; baseline -0.005 -20"><span class='ocrx_word' id='word_1_102' title='bbox 250 2583 399 2657; x_wconf 90' lang='lat' dir='ltr'>nomina</span> <span class='ocrx_word' id='word_1_103' title='bbox 432 2579 690 2677; x_wconf 87' lang='lat' dir='ltr'>superscripta,</span> <span class='ocrx_word' id='word_1_104' title='bbox 723 2603 820 2675; x_wconf 91' lang='lat' dir='ltr'>quae</span> <span class='ocrx_word' id='word_1_105' title='bbox 859 2592 943 2649; x_wconf 91' lang='lat' dir='ltr'>sunt</span> <span class='ocrx_word' id='word_1_106' title='bbox 976 2575 1170 2651; x_wconf 89' lang='lat' dir='ltr'>duodecim</span> <span class='ocrx_word' id='word_1_107' title='bbox 1205 2578 1363 2651; x_wconf 92' lang='lat' dir='ltr'>tribuum</span> 
     </span>
     <span class='ocr_line' id='line_1_17' title="bbox 248 2700 1420 2790; baseline -0.012 -12"><span class='ocrx_word' id='word_1_108' title='bbox 248 2704 404 2778; x_wconf 88' lang='lat' dir='ltr'>filiorum</span> <span class='ocrx_word' id='word_1_109' title='bbox 423 2700 584 2775; x_wconf 85' lang='lat' dir='ltr'>Israelis:</span> <span class='ocrx_word' id='word_1_110' title='bbox 1416 2782 1420 2790; x_wconf 32' lang='grc' dir='ltr'>Ι</span> 
     </span>
    </p>

    <p class='ocr_par' dir='ltr' id='par_1_7' title="bbox 246 2817 1364 3039">
     <span class='ocr_line' id='line_1_18' title="bbox 301 2817 1364 2918; baseline -0.004 -21"><span class='ocrx_word' id='word_1_111' title='bbox 301 2846 357 2918; x_wconf 81' lang='lat'>13.</span> <span class='ocrx_word' id='word_1_112' title='bbox 391 2822 455 2895; x_wconf 90' lang='lat' dir='ltr'>Ab</span> <span class='ocrx_word' id='word_1_113' title='bbox 480 2821 621 2895; x_wconf 88' lang='lat' dir='ltr'>oriente</span> <span class='ocrx_word' id='word_1_114' title='bbox 647 2835 775 2916; x_wconf 87' lang='lat' dir='ltr'>portae</span> <span class='ocrx_word' id='word_1_115' title='bbox 800 2835 887 2901; x_wconf 87' lang='lat' dir='ltr'>tres,</span> <span class='ocrx_word' id='word_1_116' title='bbox 908 2843 931 2891; x_wconf 87' lang='lat' dir='ltr'>a</span> <span class='ocrx_word' id='word_1_117' title='bbox 955 2817 1207 2914; x_wconf 90' lang='lat' dir='ltr'>septentrione</span> <span class='ocrx_word' id='word_1_118' title='bbox 1233 2835 1364 2915; x_wconf 90' lang='lat' dir='ltr'>portae</span> 
     </span>
     <span class='ocr_line' id='line_1_19' title="bbox 246 2937 1309 3039; baseline -0.007 -20"><span class='ocrx_word' id='word_1_119' title='bbox 246 2959 333 3029; x_wconf 90' lang='lat' dir='ltr'>tres,</span> <span class='ocrx_word' id='word_1_120' title='bbox 350 2967 373 3017; x_wconf 91' lang='lat' dir='ltr'>a</span> <span class='ocrx_word' id='word_1_121' title='bbox 389 2941 541 3016; x_wconf 90' lang='lat' dir='ltr'>meridie</span> <span class='ocrx_word' id='word_1_122' title='bbox 557 2955 687 3039; x_wconf 90' lang='lat' dir='ltr'>portae</span> <span class='ocrx_word' id='word_1_123' title='bbox 704 2955 788 3021; x_wconf 89' lang='lat' dir='ltr'>tres,</span> <span class='ocrx_word' id='word_1_124' title='bbox 806 2939 855 3012; x_wconf 87' lang='lat' dir='ltr'>ab</span> <span class='ocrx_word' id='word_1_125' title='bbox 872 2937 1060 3011; x_wconf 89' lang='lat' dir='ltr'>occasibus</span> <span class='ocrx_word' id='word_1_126' title='bbox 1077 2953 1206 3035; x_wconf 88' lang='lat' dir='ltr'>portae</span> <span class='ocrx_word' id='word_1_127' title='bbox 1223 2954 1309 3012; x_wconf 89' lang='lat' dir='ltr'>tres.</span> 
     </span>
    </p>

    <p class='ocr_par' dir='ltr' id='par_1_8' title="bbox 246 3056 1363 3274">
     <span class='ocr_line' id='line_1_20' title="bbox 301 3056 1363 3155; baseline -0.007 -17"><span class='ocrx_word' id='word_1_128' title='bbox 301 3086 356 3155; x_wconf 83' lang='lat'>14.</span> <span class='ocrx_word' id='word_1_129' title='bbox 392 3063 441 3136; x_wconf 91' lang='lat' dir='ltr'>Et</span> <span class='ocrx_word' id='word_1_130' title='bbox 463 3086 588 3137; x_wconf 89' lang='lat' dir='ltr'>murus</span> <span class='ocrx_word' id='word_1_131' title='bbox 611 3060 711 3133; x_wconf 87' lang='lat' dir='ltr'>urbis</span> <span class='ocrx_word' id='word_1_132' title='bbox 734 3058 875 3131; x_wconf 90' lang='lat' dir='ltr'>habens</span> <span class='ocrx_word' id='word_1_133' title='bbox 898 3056 1137 3130; x_wconf 79' lang='lat' dir='ltr'>fundamenta</span> <span class='ocrx_word' id='word_1_134' title='bbox 1157 3057 1363 3142; x_wconf 92' lang='lat' dir='ltr'>duodecim,</span> 
     </span>
     <span class='ocr_line' id='line_1_21' title="bbox 246 3175 1200 3274; baseline -0.01 -16"><span class='ocrx_word' id='word_1_135' title='bbox 246 3182 337 3258; x_wconf 89' lang='lat' dir='ltr'>etin</span> <span class='ocrx_word' id='word_1_136' title='bbox 355 3180 422 3256; x_wconf 89' lang='lat' dir='ltr'>illis</span> <span class='ocrx_word' id='word_1_137' title='bbox 439 3181 590 3254; x_wconf 88' lang='lat' dir='ltr'>nomina</span> <span class='ocrx_word' id='word_1_138' title='bbox 607 3178 802 3252; x_wconf 92' lang='lat' dir='ltr'>duodecim</span> <span class='ocrx_word' id='word_1_139' title='bbox 820 3175 1069 3273; x_wconf 89' lang='lat' dir='ltr'>apostolorum</span> <span class='ocrx_word' id='word_1_140' title='bbox 1088 3176 1200 3274; x_wconf 86' lang='lat' dir='ltr'>Agni.</span> 
     </span>
    </p>

    <p class='ocr_par' dir='ltr' id='par_1_9' title="bbox 247 3298 1362 3519">
     <span class='ocr_line' id='line_1_22' title="bbox 300 3298 1362 3402; baseline -0.007 -22"><span class='ocrx_word' id='word_1_141' title='bbox 300 3309 378 3380; x_wconf 83' lang='lat'>15..</span> <span class='ocrx_word' id='word_1_142' title='bbox 392 3305 440 3378; x_wconf 92' lang='lat' dir='ltr'>Et</span> <span class='ocrx_word' id='word_1_143' title='bbox 459 3304 615 3402; x_wconf 92' lang='lat' dir='ltr'>loquens</span> <span class='ocrx_word' id='word_1_144' title='bbox 635 3329 718 3377; x_wconf 90' lang='lat' dir='ltr'>cum</span> <span class='ocrx_word' id='word_1_145' title='bbox 739 3327 800 3376; x_wconf 90' lang='lat' dir='ltr'>me</span> <span class='ocrx_word' id='word_1_146' title='bbox 821 3301 985 3374; x_wconf 85' lang='lat' dir='ltr'>habebat</span> <span class='ocrx_word' id='word_1_147' title='bbox 1001 3298 1181 3372; x_wconf 88' lang='lat' dir='ltr'>calamum</span> <span class='ocrx_word' id='word_1_148' title='bbox 1199 3322 1362 3383; x_wconf 89' lang='lat' dir='ltr'>aureum,</span> 
     </span>
     <span class='ocr_line' id='line_1_23' title="bbox 247 3420 1252 3519; baseline -0.009 -17"><span class='ocrx_word' id='word_1_149' title='bbox 247 3445 288 3502; x_wconf 91' lang='lat' dir='ltr'>ut</span> <span class='ocrx_word' id='word_1_150' title='bbox 302 3426 491 3501; x_wconf 86' lang='lat' dir='ltr'>metiretur</span> <span class='ocrx_word' id='word_1_151' title='bbox 507 3427 635 3500; x_wconf 89' lang='lat' dir='ltr'>urbem</span> <span class='ocrx_word' id='word_1_152' title='bbox 653 3440 693 3497; x_wconf 89' lang='lat' dir='ltr'>et</span> <span class='ocrx_word' id='word_1_153' title='bbox 708 3438 833 3519; x_wconf 89' lang='lat' dir='ltr'>portas</span> <span class='ocrx_word' id='word_1_154' title='bbox 850 3421 928 3519; x_wconf 91' lang='lat' dir='ltr'>ejus</span> <span class='ocrx_word' id='word_1_155' title='bbox 945 3435 983 3493; x_wconf 90' lang='lat' dir='ltr'>et</span> <span class='ocrx_word' id='word_1_156' title='bbox 1000 3445 1144 3492; x_wconf 89' lang='lat' dir='ltr'>murum</span> <span class='ocrx_word' id='word_1_157' title='bbox 1161 3420 1252 3518; x_wconf 92' lang='lat' dir='ltr'>ejus.</span> 
     </span>
    </p>

    <p class='ocr_par' dir='ltr' id='par_1_10' title="bbox 246 3538 1362 4005">
     <span class='ocr_line' id='line_1_24' title="bbox 300 3538 1362 3642; baseline -0.007 -21"><span class='ocrx_word' id='word_1_158' title='bbox 300 3551 356 3621; x_wconf 92' lang='lat'>16.</span> <span class='ocrx_word' id='word_1_159' title='bbox 391 3546 440 3619; x_wconf 92' lang='lat' dir='ltr'>Et</span> <span class='ocrx_word' id='word_1_160' title='bbox 452 3546 539 3618; x_wconf 86' lang='lat' dir='ltr'>urbs</span> <span class='ocrx_word' id='word_1_161' title='bbox 551 3540 849 3642; x_wconf 85' lang='lat' dir='ltr'>quadrangularis</span> <span class='ocrx_word' id='word_1_162' title='bbox 862 3540 933 3614; x_wconf 88' lang='lat' dir='ltr'>sita</span> <span class='ocrx_word' id='word_1_163' title='bbox 946 3555 1013 3623; x_wconf 89' lang='lat' dir='ltr'>est,</span> <span class='ocrx_word' id='word_1_164' title='bbox 1027 3555 1065 3612; x_wconf 90' lang='lat' dir='ltr'>et</span> <span class='ocrx_word' id='word_1_165' title='bbox 1078 3538 1269 3637; x_wconf 89' lang='lat' dir='ltr'>longitudo</span> <span class='ocrx_word' id='word_1_166' title='bbox 1283 3540 1362 3637; x_wconf 91' lang='lat' dir='ltr'>ejus</span> 
     </span>
     <span class='ocr_line' id='line_1_25' title="bbox 246 3657 1362 3763; baseline -0.007 -22"><span class='ocrx_word' id='word_1_167' title='bbox 246 3683 347 3742; x_wconf 91' lang='lat' dir='ltr'>tanta</span> <span class='ocrx_word' id='word_1_168' title='bbox 355 3683 413 3741; x_wconf 93' lang='lat' dir='ltr'>est</span> <span class='ocrx_word' id='word_1_169' title='bbox 420 3681 556 3763; x_wconf 89' lang='lat' dir='ltr'>quanta</span> <span class='ocrx_word' id='word_1_170' title='bbox 565 3680 604 3738; x_wconf 98' lang='lat' dir='ltr'>et</span> <span class='ocrx_word' id='word_1_171' title='bbox 614 3662 785 3736; x_wconf 89' lang='lat' dir='ltr'>latitudo:</span> <span class='ocrx_word' id='word_1_172' title='bbox 803 3677 843 3735; x_wconf 91' lang='lat' dir='ltr'>et</span> <span class='ocrx_word' id='word_1_173' title='bbox 853 3685 1002 3733; x_wconf 92' lang='lat' dir='ltr'>mensus</span> <span class='ocrx_word' id='word_1_174' title='bbox 1013 3674 1071 3733; x_wconf 91' lang='lat' dir='ltr'>est</span> <span class='ocrx_word' id='word_1_175' title='bbox 1082 3659 1209 3732; x_wconf 89' lang='lat' dir='ltr'>urbem</span> <span class='ocrx_word' id='word_1_176' title='bbox 1221 3657 1362 3734; x_wconf 87' lang='lat' dir='ltr'>calamo</span> 
     </span>
     <span class='ocr_line' id='line_1_26' title="bbox 246 3776 1359 3878; baseline -0.008 -17"><span class='ocrx_word' id='word_1_177' title='bbox 246 3787 294 3862; x_wconf 92' lang='lat' dir='ltr'>ad</span> <span class='ocrx_word' id='word_1_178' title='bbox 310 3785 429 3860; x_wconf 88' lang='lat' dir='ltr'>stadia</span> <span class='ocrx_word' id='word_1_179' title='bbox 441 3784 638 3859; x_wconf 90' lang='lat' dir='ltr'>duodecies</span> <span class='ocrx_word' id='word_1_180' title='bbox 653 3781 768 3865; x_wconf 87' lang='lat' dir='ltr'>mille;</span> <span class='ocrx_word' id='word_1_181' title='bbox 793 3778 985 3878; x_wconf 90' lang='lat' dir='ltr'>longitudo</span> <span class='ocrx_word' id='word_1_182' title='bbox 1002 3793 1040 3851; x_wconf 89' lang='lat' dir='ltr'>et</span> <span class='ocrx_word' id='word_1_183' title='bbox 1056 3776 1210 3852; x_wconf 87' lang='lat' dir='ltr'>latitudo</span> <span class='ocrx_word' id='word_1_184' title='bbox 1226 3794 1265 3852; x_wconf 90' lang='lat' dir='ltr'>et</span> <span class='ocrx_word' id='word_1_185' title='bbox 1281 3779 1359 3852; x_wconf 87' lang='lat' dir='ltr'>alti-</span> 
     </span>
     <span class='ocr_line' id='line_1_27' title="bbox 246 3903 746 4005; baseline -0.01 -25"><span class='ocrx_word' id='word_1_186' title='bbox 246 3907 337 3981; x_wconf 93' lang='lat' dir='ltr'>tudo</span> <span class='ocrx_word' id='word_1_187' title='bbox 353 3908 431 4005; x_wconf 87' lang='lat' dir='ltr'>ejus</span> <span class='ocrx_word' id='word_1_188' title='bbox 448 3903 615 4001; x_wconf 88' lang='lat' dir='ltr'>aequalia</span> <span class='ocrx_word' id='word_1_189' title='bbox 630 3918 746 3977; x_wconf 87' lang='lat' dir='ltr'>erant.</span> 
     </span>
    </p>

    <p class='ocr_par' dir='ltr' id='par_1_11' title="bbox 246 4025 1362 4254">
     <span class='ocr_line' id='line_1_28' title="bbox 300 4025 1362 4127; baseline -0.007 -18"><span class='ocrx_word' id='word_1_190' title='bbox 300 4056 355 4127; x_wconf 93' lang='lat'>17.</span> <span class='ocrx_word' id='word_1_191' title='bbox 390 4036 440 4108; x_wconf 91' lang='lat' dir='ltr'>Et</span> <span class='ocrx_word' id='word_1_192' title='bbox 456 4057 606 4107; x_wconf 88' lang='lat' dir='ltr'>mensus</span> <span class='ocrx_word' id='word_1_193' title='bbox 623 4047 680 4106; x_wconf 95' lang='lat' dir='ltr'>est</span> <span class='ocrx_word' id='word_1_194' title='bbox 696 4056 841 4105; x_wconf 90' lang='lat' dir='ltr'>murum</span> <span class='ocrx_word' id='word_1_195' title='bbox 855 4030 943 4127; x_wconf 88' lang='lat' dir='ltr'>ejus,</span> <span class='ocrx_word' id='word_1_196' title='bbox 957 4043 1104 4102; x_wconf 91' lang='lat' dir='ltr'>centum</span> <span class='ocrx_word' id='word_1_197' title='bbox 1118 4025 1362 4125; x_wconf 87' lang='lat' dir='ltr'>quadraginta</span> 
     </span>
     <span class='ocr_line' id='line_1_29' title="bbox 246 4147 1359 4254; baseline -0.007 -26"><span class='ocrx_word' id='word_1_198' title='bbox 246 4172 403 4254; x_wconf 90' lang='lat' dir='ltr'>quatuor</span> <span class='ocrx_word' id='word_1_199' title='bbox 419 4154 633 4233; x_wconf 86' lang='lat' dir='ltr'>cubitorum,</span> <span class='ocrx_word' id='word_1_200' title='bbox 651 4176 823 4225; x_wconf 91' lang='lat' dir='ltr'>mensura</span> <span class='ocrx_word' id='word_1_201' title='bbox 842 4149 1001 4223; x_wconf 90' lang='lat' dir='ltr'>hominis</span> <span class='ocrx_word' id='word_1_202' title='bbox 1018 4172 1114 4244; x_wconf 91' lang='lat' dir='ltr'>quae</span> <span class='ocrx_word' id='word_1_203' title='bbox 1136 4162 1192 4219; x_wconf 90' lang='lat' dir='ltr'>est</span> <span class='ocrx_word' id='word_1_204' title='bbox 1213 4147 1359 4246; x_wconf 88' lang='lat' dir='ltr'>Angeli.</span> 
     </span>
    </p>

    <p class='ocr_par' dir='ltr' id='par_1_12' title="bbox 246 4268 1359 4492">
     <span class='ocr_line' id='line_1_30' title="bbox 299 4268 1359 4368; baseline -0.01 -19"><span class='ocrx_word' id='word_1_205' title='bbox 299 4278 354 4349; x_wconf 89' lang='lat'>18.</span> <span class='ocrx_word' id='word_1_206' title='bbox 389 4274 437 4347; x_wconf 91' lang='lat' dir='ltr'>Et</span> <span class='ocrx_word' id='word_1_207' title='bbox 453 4289 532 4348; x_wconf 88' lang='lat' dir='ltr'>erat</span> <span class='ocrx_word' id='word_1_208' title='bbox 545 4268 724 4346; x_wconf 66' lang='lat' dir='ltr'>strudlura</span> <span class='ocrx_word' id='word_1_209' title='bbox 736 4271 827 4344; x_wconf 92' lang='lat' dir='ltr'>muri</span> <span class='ocrx_word' id='word_1_210' title='bbox 838 4272 917 4368; x_wconf 90' lang='lat' dir='ltr'>ejus</span> <span class='ocrx_word' id='word_1_211' title='bbox 923 4270 1048 4368; x_wconf 87' lang='lat' dir='ltr'>jaspis,</span> <span class='ocrx_word' id='word_1_212' title='bbox 1057 4268 1119 4343; x_wconf 84' lang='lat' dir='ltr'>et¹¹¹</span> <span class='ocrx_word' id='word_1_213' title='bbox 1131 4268 1217 4341; x_wconf 91' lang='lat' dir='ltr'>urbs</span> <span class='ocrx_word' id='word_1_214' title='bbox 1231 4290 1359 4340; x_wconf 89' lang='lat' dir='ltr'>aurum</span> 
     </span>
     <span class='ocr_line' id='line_1_31' title="bbox 246 4391 741 4492; baseline -0.008 -24"><span class='ocrx_word' id='word_1_215' title='bbox 246 4421 376 4492; x_wconf 86' lang='lat' dir='ltr'>purum</span> <span class='ocrx_word' id='word_1_216' title='bbox 393 4391 509 4467; x_wconf 91' lang='lat' dir='ltr'>simile</span> <span class='ocrx_word' id='word_1_217' title='bbox 526 4393 620 4466; x_wconf 90' lang='lat' dir='ltr'>vitro</span> <span class='ocrx_word' id='word_1_218' title='bbox 636 4416 741 4489; x_wconf 91' lang='lat' dir='ltr'>puro.</span> 
     </span>
    </p>

    <p class='ocr_par' dir='ltr' id='par_1_13' title="bbox 299 4509 1357 4612">
     <span class='ocr_line' id='line_1_32' title="bbox 299 4509 1357 4612; baseline -0.01 -19"><span class='ocrx_word' id='word_1_219' title='bbox 299 4544 354 4612; x_wconf 88' lang='lat'>19.</span> <span class='ocrx_word' id='word_1_220' title='bbox 389 4520 438 4592; x_wconf 90' lang='lat' dir='ltr'>Et</span> <span class='ocrx_word' id='word_1_221' title='bbox 463 4519 701 4592; x_wconf 86' lang='lat' dir='ltr'>fundamenta</span> <span class='ocrx_word' id='word_1_222' title='bbox 728 4516 820 4588; x_wconf 90' lang='lat' dir='ltr'>muri</span> <span class='ocrx_word' id='word_1_223' title='bbox 847 4514 945 4587; x_wconf 90' lang='lat' dir='ltr'>urbis</span> <span class='ocrx_word' id='word_1_224' title='bbox 968 4511 1070 4586; x_wconf 90' lang='lat' dir='ltr'>omni</span> <span class='ocrx_word' id='word_1_225' title='bbox 1097 4509 1218 4608; x_wconf 92' lang='lat' dir='ltr'>lapide</span> <span class='ocrx_word' id='word_1_226' title='bbox 1246 4510 1357 4606; x_wconf 92' lang='lat' dir='ltr'>preti·</span> 
     </span>
    </p>
   </div>
   <div class='ocr_carea' id='block_1_3' title="bbox 247 4630 1356 4733">
    <p class='ocr_par' dir='ltr' id='par_1_14' title="bbox 247 4630 1356 4733">
     <span class='ocr_line' id='line_1_33' title="bbox 247 4630 1356 4733; baseline -0.013 -18"><span class='ocrx_word' id='word_1_227' title='bbox 247 4665 312 4715; x_wconf 88' lang='lat' dir='ltr'>oso</span> <span class='ocrx_word' id='word_1_228' title='bbox 329 4655 526 4713; x_wconf 83' lang='lat' dir='ltr'>exornata:</span> <span class='ocrx_word' id='word_1_229' title='bbox 553 4637 826 4713; x_wconf 86' lang='lat' dir='ltr'>fundamentum</span> <span class='ocrx_word' id='word_1_230' title='bbox 844 4635 1002 4733; x_wconf 90' lang='lat' dir='ltr'>primum</span> <span class='ocrx_word' id='word_1_231' title='bbox 1014 4630 1141 4731; x_wconf 86' lang='lat' dir='ltr'>jaspis,</span> <span class='ocrx_word' id='word_1_232' title='bbox 1156 4630 1356 4704; x_wconf 89' lang='lat' dir='ltr'>secundum</span> 
     </span>
    </p>
   </div>
   <div class='ocr_carea' id='block_1_4' title="bbox 0 0 1696 5400">
    <p class='ocr_par' dir='ltr' id='par_1_15' title="bbox 0 0 1696 5400">
     <span class='ocr_line' id='line_1_34' title="bbox 0 0 1696 5400; baseline 0 0"><span class='ocrx_word' id='word_1_233' title='bbox 0 0 1696 5400; x_wconf 95' lang='lat' dir='ltr'> </span> 
     </span>
    </p>
   </div>
  </div>
 </body>
</html>
