3384 5400
375 677 438 744 602
697 691 944 742 APOCALYPSIS
967 691 1179 742 usvenans.

377 858 477 942 Quod
501 881 602 925 ranae
621 859 804 944 productae
823 861 943 924 suerint
962 881 1007 925 ex
1026 863 1121 943 aquis
1140 861 1304 945 Aegypti,
1324 858 1360 928 e't
1372 861 1500 946 'super-

376 965 490 1019 essent
509 955 543 1018 in
558 954 703 1030 flumine,
720 966 794 1020 erat
812 957 890 1037 quia
907 975 1015 1039 aquae
1033 957 1066 1018 in
1086 955 1262 1039 Aegypto,
1281 967 1317 1022 et
1335 959 1501 1041 imprimis

376 1069 482 1131 aquae
504 1049 647 1112 fluminis
670 1050 725 1124 ibi,
749 1049 985 1131 significabant
1007 1049 1091 1114 salsa
1113 1047 1286 1115 doctrinae
1308 1071 1353 1115 ex
1375 1053 1500 1135 quibus

376 1143 567 1207 ratiocinati
586 1154 675 1206 sunt.

434 1259 535 1328 7⁰3.
560 1255 645 1324 [νινε.
661 1255 714 1321 ι4,]
740 1244 846 1309 'Sunt
865 1245 944 1307 enim
959 1245 1086 1326 cpr'rituc
1099 1245 1315 1320 daemonnm,''
1329 1245 1501 1330 significat

375 1338 466 1419 quod
482 1345 591 1400 essent
610 1336 807 1416 cupiditates
821 1337 1042 1421 falsificandi
1060 1359 1141 1403 vera
1161 1347 1194 1402 et
1214 1338 1439 1402 ratiocinandi
1457 1359 1504 1401 ex

378 1429 633 1512 falsis-Quod
649 1451 708 1513 per
728 1431 941 1495 “daemones
949 1431 964 1456 ”
976 1431 1207 1514 significentur
1218 1434 1422 1516 cupiditates
1433 1432 1501 1496 sal-

376 1525 525 1589 sificandi
542 1545 630 1600 vera,
647 1525 801 1589 videatur
816 1546 917 1608 supra
934 1525 981 1608 (n.
996 1527 1096 1609 458);
1115 1538 1151 1591 et
1166 1529 1244 1610 quia
1262 1538 1359 1591 erant
1377 1521 1502 1592 “simi-

376 1620 425 1683 les
449 1619 567 1696 ranis‚”
589 1620 692 1683 etiarn
719 1631 816 1683 erant
843 1621 1048 1703 cupiditates
1070 1623 1294 1686 ratiocinandi
1322 1643 1369 1686 ex
1394 1621 1500 1696 falsis,

376 1723 413 1777 ut
432 1735 514 1778 mox
534 1735 633 1797 supra
653 1711 701 1796 (n.
720 1714 810 1797 702).

435 1831 535 1900 704.
563 1815 753 1879 “faciontes
765 1816 857 1898 aigyna
870 1817 914 1879 nd
924 1817 1093 1880 abeuntem
1106 1816 1150 1880 ad
1166 1817 1270 1899 Repu
1284 1823 1391 1880 torrae
1405 1822 1440 1881 et
1451 1821 1502 1880 io·

377 1907 437 1970 tim
458 1907 539 1970 croit
560 1906 604 1968 nd
621 1907 870 1988 eonpmpnndum
890 1907 961 1970 illoc
980 1907 1012 1969 in
1032 1907 1141 1970 bellum
1155 1907 1218 1970 rtet
1232 1908 1314 1971 illius
1328 1905 1435 1989 meyri
1444 1907 1503 1970 θοι

379 1995 627 2078 omnipotentie?
641 1995 808 2077 significat
823 1997 1077 2060 contestationes
1091 1997 1183 2080 quod
1184 1997 1286 2077 salsa
1299 2017 1412 2061 eorum
1425 1997 1502 2060 sint

376 2111 467 2164 vera,
482 2099 514 2151 et
527 2086 738 2152 excitationes
756 2087 900 2151 omnium
918 2088 953 2152 in
971 2097 1040 2151 tota
1057 2088 1118 2152 illa
1135 2088 1293 2163 Ecclesia,
1309 2088 1370 2172 qui
1383 2088 1418 2152 in
1435 2088 1501 2152 iis-

376 2183 453 2246 dem
462 2181 572 2263 salsis
594 2191 681 2258 sunt,
700 2182 750 2244 ad
768 2182 1029 2263 impugnandum
1051 2203 1132 2246 vera
1149 2183 1266 2245 Novae
1281 2182 1503 2246 Ecclesiae.-

377 2276 478 2359 Quod
502 2276 640 2339 “iacere
662 2275 783 2357 signa”
806 2277 850 2339 sit
877 2275 1048 2339 testificari
1078 2286 1114 2340 et
1142 2297 1280 2360 quoque
1312 2276 1502 2341 contestari

376 2373 466 2456 quod
485 2390 600 2435 verum
619 2373 673 2446 sit,
691 2371 844 2434 videatur
859 2391 958 2452 supra
976 2367 1023 2452 (n.
1043 2373 1112 2450 598,
1130 2371 1218 2453 599),
1236 2372 1289 2434 hic
1304 2371 1396 2454 quod
1415 2370 1502 2435 salsa

375 2486 492 2530 eorum
510 2465 578 2529 sint
597 2485 696 2542 vera;
719 2485 778 2547 per
798 2470 924 2546 “reges
943 2474 1054 2527 terrae
1075 2475 1110 2528 et
1134 2466 1239 2529 totius
1261 2467 1351 2529 orbis
1360 2463 1376 2490 ’¹
1394 2465 1500 2546 signi-

376 2559 518 2624 ficantur
537 2559 591 2642 qui
611 2557 839 2640 principaliter
857 2559 891 2620 in
909 2557 1000 2621 falsis
1020 2579 1065 2621 ex
1085 2558 1176 2622 malo
1195 2569 1285 2634 sunt,
1305 2559 1358 2624 hic
1379 2579 1501 2622 omnes

377 2655 491 2740 quiin
518 2654 637 2719 iisdem
664 2651 754 2716 salsis
781 2661 861 2716 sunt
887 2652 920 2715 in
948 2660 1023 2716 tota
1050 2651 1225 2731 Ecclesia3
1262 2673 1322 2737 per
1347 2651 1501 2735 “reges'’

376 2751 466 2814 enim
482 2747 713 2831 significantur
728 2747 783 2830 qui
801 2748 835 2809 in
855 2748 942 2810 veris
960 2768 1005 2811 ex
1025 2748 1116 2810 bono
1131 2758 1220 2823 sunt,
1237 2759 1273 2811 et
1292 2750 1325 2810 in
1341 2748 1501 2831 opposito

376 2864 476 2907 sensu
495 2845 550 2925 qui
574 2844 605 2905 in
628 2841 719 2906 falsis
742 2862 787 2904 ex
806 2840 897 2904 malo
922 2840 969 2923 (n.
987 2841 1088 2923 483);
1118 2862 1178 2925 per
1197 2847 1351 2905 “terram
1359 2842 1375 2867 '⁹
1393 2843 1499 2924 signi-

376 2936 494 3001 ficatur
518 2935 672 3000 Ecclesia
696 2933 743 3018 (n.
764 2936 865 3018 285);
888 2936 1042 2999 similiter
1064 2956 1123 3019 per
1142 2936 1311 3000 “orbem''
1331 2935 1379 3018 (n.
1400 2935 1499 3019 551);

376 3053 436 3114 per
455 3031 574 3095 “abire
597 3032 640 3094 ad
663 3031 942 3113 congregandum
966 3029 1042 3093 illos
1064 3031 1098 3092 in
1122 3029 1272 3094 bellurn”
1290 3029 1501 3113 significatur

376 3128 529 3190 excitare
544 3124 619 3189 illos
634 3125 677 3187 ad
694 3144 853 3207 pugnam,
873 3145 932 3187 seu
947 3125 990 3188 ad
1006 3124 1272 3206 impugnandum
1286 3146 1293 3203 ;
1321 3146 1380 3207 per
1396 3131 1416 3158 ‘⁴
1425 3126 1498 3190 bel-

376 3218 469 3284 lum”
481 3220 571 3283 enim
587 3216 795 3301 significatur
810 3217 937 3281 bellurn
953 3218 1136 3302 spirituale,
1149 3218 1241 3301 quod
1257 3229 1310 3281 est
1325 3219 1399 3283 falsi
1414 3240 1499 3283 con·

375 3324 430 3378 tra
447 3334 563 3377 verum
581 3325 616 3378 et
635 3314 704 3376 veri
724 3322 843 3377 contra
859 3312 979 3375 salsum
998 3310 1045 3395 (n.
1067 3326 1137 3391 500,
1159 3310 1256 3394 586):
1284 3314 1375 3395 quod
1393 3315 1436 3377 sit
1455 3314 1500 3377 ad

376 3409 642 3492 impugnandum
658 3428 738 3471 vera
754 3406 875 3470 Novae
890 3406 1076 3480 Ecclesiae,
1092 3415 1146 3470 est
1165 3408 1243 3489 quia
1260 3406 1384 3471 dicitur
1402 3408 1501 3473 “diei

378 3508 492 3589 magni
521 3504 584 3568 Dei
607 3502 891 3586 Omnipotentis.‘’
913 3513 948 3566 et
974 3523 1034 3584 per
1056 3503 1145 3566 diem
1174 3502 1266 3565 illurn
1290 3502 1499 3584 significatur

378 3600 561 3663 Adventus
585 3597 731 3669 Domini,
751 3607 786 3661 et
810 3607 890 3660 tunc
915 3596 1014 3661 Nova
1038 3596 1212 3673 Ecclesia;
1236 3597 1326 3678 quod
1350 3596 1414 3661 hoc
1439 3620 1499 3680 per

379 3692 496 3754 “diem
520 3710 679 3772 magnum
688 3691 702 3715 '¹
726 3692 769 3755 ibi
792 3690 1009 3772 significetur,
1034 3692 1117 3756 infra
1139 3693 1317 3757 videbitur.
1369 3695 1502 3759 Dicitur

376 3786 468 3869 quod
492 3786 656 3869 “spiritus
678 3786 905 3849 daemonum”
928 3786 961 3849 id
987 3784 1103 3849 facturi
1130 3788 1209 3863 sint,
1233 3790 1311 3871 quia
1338 3810 1398 3871 per
1423 3788 1500 3853 illos

377 3878 609 3962 significantur
624 3881 826 3962 cupiditates
843 3878 1039 3944 falsificandi
1055 3902 1145 3955 vera,
1161 3891 1198 3945 et
1213 3884 1435 3947 ratiocinandi
1453 3904 1500 3948 ex

376 3974 478 4049 falsis,
498 3976 541 4038 de
559 3995 625 4057 quo
644 3994 726 4037 mox
742 3995 842 4058 supra
862 3973 908 4058 (n.
924 3975 1014 4057 703).
1059 3975 1115 4039 Ex
1135 3976 1185 4039 his
1204 3986 1311 4058 patet,
1331 3978 1422 4059 quod
1440 3999 1501 4061 ρετ

378 4071 540 4151 “spiritus
557 4070 760 4133 daemonum
776 4070 939 4133 facientes
955 4070 1052 4151 signa
1067 4070 1110 4132 ad
1128 4069 1319 4133 abeundum
1338 4072 1381 4133 ad
1401 4092 1500 4152 reges

377 4172 487 4227 terrae
505 4172 541 4227 et
560 4164 664 4227 totius
680 4164 769 4227 orbis
788 4164 831 4227 ad
850 4164 1126 4245 congregandum
1145 4162 1221 4227 illos
1240 4165 1273 4227 in
1290 4164 1416 4228 bellum
1432 4166 1498 4229 diei

377 4256 464 4319 illius
480 4259 594 4339 magni
611 4257 674 4320 Dei
690 4254 974 4340 Omnipotentis‚”
985 4257 1216 4340 significentur
1228 4260 1498 4323 contestationes

377 4351 422 4414 ab
447 4351 511 4415 illis
538 4352 593 4433 qui
619 4350 856 4433 intelliguntur
881 4372 941 4435 per
965 4351 1216 4428 “Draconem‚”
1238 4351 1441 4415 “Bestiam''
1463 4364 1499 4418 et

378 4445 771 4528 “Pseudoprophetam‚”
793 4447 836 4511 de
860 4447 978 4529 quibus
1004 4466 1104 4528 supra
1127 4444 1175 4529 (n.
1197 4460 1271 4527 701,
1294 4446 1384 4529 702),
1407 4446 1499 4530 quod

376 4538 460 4601 salsa
475 4559 590 4603 eorum
603 4540 670 4603 sint
687 4560 777 4613 vera,
791 4550 825 4603 et
841 4540 1069 4604 excitationes
1080 4541 1229 4603 omniurn
1242 4542 1274 4603 in
1287 4551 1363 4605 tota
1375 4540 1498 4604 Eccle-

377 4633 426 4695 sia
444 4634 499 4717 qui
522 4634 555 4695 in
578 4634 696 4697 iisdem
715 4634 806 4699 salsis
825 4645 915 4711 sunt,
935 4636 978 4698 ad
996 4635 1263 4717 impugnandum
1282 4656 1361 4698 vera
1380 4634 1499 4698 Novae
