3384 5400
376 706 440 773 790
696 702 944 753 APOCALYPSIS
967 699 1178 751 aevaeum.

378 885 475 951 sent;
507 895 609 957 quare
630 874 814 957 periculum
835 874 895 938 suit
914 874 1003 956 prius
1022 872 1183 955 colligere
1202 870 1279 936 illos
1303 872 1335 936 in
1353 872 1497 955 aliquod

379 968 529 1033 Caelum.
575 968 627 1032 De
643 970 857 1052 separatione
876 968 1040 1031 bonorum
1059 988 1079 1031 a
1099 967 1306 1039 Draconicis,
1323 976 1360 1030 et
1378 967 1498 1029 horum

377 1064 607 1136 damnatione,
619 1072 655 1127 et
666 1063 806 1127 tandem
818 1059 1007 1144 dejectione
1020 1063 1052 1124 in
1067 1061 1246 1137 Infernum,
1258 1062 1370 1142 agitur
1383 1061 1499 1124 multis

376 1159 410 1221 in
423 1158 516 1231 locis,
530 1178 569 1221 ac
583 1158 703 1221 ultimo
714 1158 749 1221 in
761 1177 834 1239 cap.
847 1158 919 1219 xix.
933 1176 1017 1219 vers.
1032 1172 1082 1231 20,
1093 1166 1128 1220 et
1141 1156 1174 1219 in
1187 1175 1260 1237 cap.
1273 1177 1335 1219 xx.
1348 1176 1435 1221 vers.
1449 1172 1499 1233 10;

377 1262 412 1316 et
429 1262 506 1333 post
523 1253 587 1315 hoc
601 1252 733 1327 dicitur,
746 1252 835 1335 quod
850 1250 973 1315 “Mare
986 1249 1117 1313 dederit
1130 1270 1189 1313 eos
1205 1250 1238 1313 in
1251 1249 1309 1314 illo
1322 1261 1476 1314 mortuos
1485 1251 1499 1273 '¹

379 1345 479 1427 (vers.
496 1345 547 1429 13)
561 1369 569 1423 3
585 1366 645 1429 per
656 1347 748 1429 quod
761 1345 997 1427 intelliguntur
1009 1344 1162 1409 homines
1175 1343 1350 1409 Ecclesiae
1363 1346 1500 1409 externi

377 1451 413 1505 et
423 1442 593 1507 naturales
603 1440 783 1505 convocati
795 1439 838 1503 ad
845 1438 1004 1521 judicium
1018 1438 1186 1519 (videatur
1198 1460 1307 1521 supra,
1319 1459 1351 1502 n.
1362 1438 1453 1521 869),
1465 1452 1499 1503 et

377 1545 458 1600 tunc
479 1536 633 1617 exempti
655 1544 691 1597 et
712 1534 834 1597 salvati
854 1534 909 1615 qui
932 1533 965 1597 in
989 1532 1092 1597 Libro
1109 1534 1199 1597 vitae
1223 1534 1359 1597 Domini
1381 1535 1500 1616 scripti

377 1641 457 1695 sunt
474 1630 532 1711 (de
547 1650 613 1712 qua
628 1650 664 1693 re
675 1630 778 1692 etiam
795 1627 855 1708 ibi)
870 1649 878 1705 ;
901 1627 965 1691 hoc
980 1632 1100 1691 “mare
1108 1626 1123 1650 ”
1135 1637 1187 1689 est
1200 1627 1289 1710 quod
1305 1627 1358 1691 hic
1371 1628 1500 1691 intelli·

377 1727 477 1806 gitur.
522 1723 636 1787 Etiam
659 1723 738 1786 alibi
756 1722 888 1799 dicitur,
908 1722 963 1786 ubi
982 1721 1024 1785 de
1048 1720 1147 1786 Novo
1169 1721 1274 1786 Caelo
1293 1720 1499 1795 Christiano,

377 1819 469 1901 quod
498 1819 531 1881 id
562 1837 599 1879 se
621 1815 818 1880 extenderit
849 1815 892 1878 ad
918 1822 1038 1879 “mare
1060 1817 1204 1879 vitreum
1228 1818 1373 1880 mixtum
1396 1816 1501 1898 igne''

380 1916 468 1994 (cap.
487 1932 543 1974 xv.
564 1910 610 1992 2),
628 1931 686 1993 per
704 1910 794 1993 quod
812 1916 933 1974 “mare
943 1910 958 1934 ”
974 1911 1077 1973 etiam
1093 1908 1301 1991 significatur
1315 1920 1499 1973 externum

378 2006 471 2072 Caeli
487 2028 532 2069 ex
549 2004 746 2069 Christianis
764 2003 933 2087 (videatur
949 2004 1156 2086 Explicatio,
1174 2023 1205 2067 n.
1221 2002 1394 2086 659—661).
1440 2005 1499 2067 Ex

377 2102 429 2165 his
451 2110 609 2164 constare
632 2109 758 2181 potest,
783 2100 873 2181 quod
903 2119 963 2182 per
987 2104 1107 2162 “mare
1137 2119 1205 2162 non
1235 2109 1308 2163 erat
1330 2098 1476 2181 amplius
1486 2100 1500 2123 ’⁹

378 2195 586 2277 significetur
614 2193 704 2275 quod
734 2203 915 2256 externum
939 2192 1033 2257 Caeli
1062 2214 1081 2257 a
1111 2194 1217 2275 prima
1241 2192 1417 2257 Ecclesiae
1447 2196 1499 2257 in·

378 2291 587 2353 stauratione
605 2284 740 2351 collecti
757 2307 803 2350 ex
823 2285 1032 2363 Christianis,
1053 2295 1231 2369 postquam
1251 2289 1329 2351 inde
1344 2290 1499 2371 exempti

378 2395 457 2448 sunt
487 2394 522 2447 et
552 2382 674 2445 salvati
703 2382 759 2463 qui
789 2383 823 2444 in
854 2370 959 2445 Libro
988 2383 1079 2446 vitae
1110 2381 1246 2447 Domini
1269 2384 1384 2465 scripti
1407 2395 1498 2457 sunt,

378 2479 531 2543 similiter
549 2476 746 2559 dissipatum
770 2477 824 2539 sit.
870 2474 923 2539 De
946 2487 1091 2540 externo
1114 2475 1207 2541 Caeli
1231 2498 1276 2542 ex
1298 2477 1500 2543 Christianis

378 2595 398 2638 a
414 2574 520 2656 prima
535 2571 779 2635 instauratione
796 2570 972 2634 Ecclesiae
988 2567 1143 2645 collecto,
1158 2571 1264 2635 multa
1279 2574 1364 2635 scire
1380 2573 1498 2636 datum

378 2678 443 2744 est,
466 2668 526 2730 sed
557 2665 614 2730 illa
644 2666 697 2730 hic
727 2664 845 2729 afferre
875 2684 943 2728 non
966 2676 1087 2743 vacat;
1119 2664 1229 2730 solum
1252 2666 1341 2750 quod
1372 2669 1499 2750 priores

379 2761 483 2837 Caeli,
503 2762 558 2844 qui
581 2762 635 2824 die
658 2759 781 2825 Ultimi
801 2759 920 2841 Judicii
943 2762 1181 2837 transiverunt,
1203 2762 1354 2843 permissi
1376 2761 1499 2826 suerint

379 2867 517 2940 propter
546 2854 622 2919 illos
652 2856 708 2937 qui
738 2856 771 2916 in
801 2864 947 2918 externo
977 2853 1035 2918 illo
1065 2854 1169 2919 Caelo
1192 2876 1251 2918 seu
1281 2857 1362 2918 mari
1388 2869 1498 2928 erant.

379 2951 455 3034 quia
479 2970 538 3032 per
559 2951 705 3013 externa
723 2946 892 3030 conjunc'ti
911 2960 1020 3023 erant,
1039 2969 1108 3012 non
1127 2960 1240 3014 autem
1264 2971 1323 3032 per
1346 2951 1498 3026 interna:

379 3047 422 3108 de
445 3065 511 3127 qua
534 3065 569 3107 re
592 3043 770 3106 videantur
787 3043 899 3125 aliqua
918 3064 1017 3126 supra
1042 3043 1087 3124 (n.
1106 3043 1192 3126 398).
1238 3042 1339 3126 Quod
1357 3043 1498 3109 Caelum

380 3140 435 3202 ubi
464 3138 600 3202 externi
630 3137 806 3202 Ecclesiae
829 3137 983 3201 homines
1005 3148 1095 3212 sunt,
1120 3139 1250 3202 dicatur
1274 3139 1424 3212 “mare''
1446 3153 1498 3204 est

380 3234 456 3315 quia
488 3232 656 3294 habitatio
689 3251 804 3294 eorum
837 3233 871 3295 in
906 3231 1033 3296 mundo
1066 3232 1228 3314 spirituali
1262 3253 1280 3296 e
1314 3233 1499 3318 longinquo

380 3335 521 3408 apparet
551 3327 637 3389 sicut
668 3327 700 3387 in
731 3325 834 3403 mari;
868 3325 982 3408 angeli
1012 3327 1101 3390 enim
1132 3326 1308 3402 caelestes,
1335 3331 1390 3410 qui
1420 3341 1498 3392 sunt

379 3421 494 3502 angeli
520 3421 664 3501 supremi
692 3418 796 3495 Caeli,
819 3420 977 3484 habitant
1000 3421 1086 3484 sicut
1115 3421 1147 3484 in
1175 3421 1415 3503 atmosphaera
1442 3443 1498 3486 ae·

380 3517 518 3591 therea;
551 3513 665 3595 angeli
695 3514 896 3596 spirituales,
927 3514 982 3596 qui
1012 3525 1090 3578 sunt
1120 3514 1232 3598 angeli
1263 3517 1363 3578 medii
1393 3515 1497 3588 Caeli,

379 3609 535 3673 habitant
558 3609 644 3672 sicut
666 3609 700 3670 in
724 3608 961 3690 atmosphaera
984 3629 1101 3684 aerea3
1125 3620 1160 3673 et
1179 3609 1291 3690 angeli
1310 3609 1498 3693 spirituales

380 3702 561 3775 naturales,
585 3703 640 3785 qui
670 3712 747 3765 sunt
774 3702 887 3783 angeli
912 3702 1019 3766 ultimi
1043 3702 1147 3778 Caeli,
1172 3703 1327 3767 habitant
1349 3705 1436 3768 sicut
1466 3707 1497 3768 in

379 3797 618 3878 atmosphaera
636 3816 753 3879 aquea,
772 3817 859 3878 quae
882 3817 900 3858 e
925 3795 1109 3879 longinquo
1124 3807 1264 3878 apparet
1288 3799 1374 3861 sicut
1395 3819 1497 3872 mare,

380 3903 416 3954 ut
436 3888 563 3954 diflum
581 3901 654 3955 est:
687 3890 765 3954 inde
783 3900 848 3962 est,
868 3890 957 3973 quod
977 3901 1157 3954 externum
1177 3888 1270 3952 Caeli
1288 3888 1498 3972 intelligatur

380 4007 439 4068 per
459 3991 478 4017 ‘⁶
490 3985 607 4048 mare”
626 3987 729 4048 etiam
748 3983 863 4048 multis
882 3982 954 4047 aliis
972 3985 1005 4048 in
1026 3983 1107 4047 locis
1126 3984 1159 4046 in
1178 3981 1305 4046 Verbo

440 4083 541 4168 879·
565 4095 649 4163 [Vm.
664 4094 702 4161 2.]
729 4085 794 4148 “ft
805 4104 864 4167 opo
877 4085 1034 4148 iohannes
1050 4083 1108 4148 vin·
1118 4083 1223 4147 urbem
1236 4089 1379 4146 renotem
1393 4083 1497 4148 ilioru-

378 4176 527 4258 rolyrnnrn
548 4174 659 4239 lorum
680 4175 915 4239 descendentem
937 4195 956 4236 u
978 4175 1040 4238 ooo
1060 4193 1078 4237 ο
1099 4172 1228 4244 0uolo,''
1243 4172 1413 4254 significat
1428 4173 1496 4236 No·

379 4289 458 4331 vam
487 4266 668 4331 Ecclesiam
698 4267 733 4330 in
755 4269 829 4351 fine
852 4267 981 4349 prieris
1011 4288 1033 4330 a
1060 4266 1201 4328 Domino
1229 4263 1494 4337 instaurandam,

379 4382 463 4445 quae
479 4363 661 4426 consociata
684 4361 779 4425 Novo
803 4360 902 4427 Caelo
923 4361 958 4425 in
980 4359 1116 4424 Divinis
1134 4359 1224 4422 veris
1246 4358 1358 4441 quoad
1376 4357 1495 4422 (10ίῖνὶ-

379 4467 506 4519 namet
527 4456 640 4538 quoad
652 4456 759 4520 vr'tam
775 4451 994 4538 erit-Quod
1012 4454 1184 4536 Johannes
1203 4475 1239 4518 se
1262 4454 1315 4516 hic
1334 4453 1494 4522 nominet.

380 4551 507 4625 dicens,
529 4550 636 4634 “Ego
651 4549 853 4632 Johannes,”
872 4562 924 4614 est
944 4551 1021 4634 quia
1040 4569 1098 4632 per
1117 4547 1211 4612 illum
1234 4558 1271 4612 ut
1289 4546 1494 4630 Apostolum

379 4645 586 4728 significatur
612 4645 744 4711 Bonum
769 4647 893 4710 amoris
919 4646 951 4708 in
980 4645 1173 4720 Dominum,
1197 4653 1232 4707 et
1262 4642 1339 4706 inde
1367 4641 1493 4706 Bonum
