3384 5400
497 712 576 764 cae.
592 663 802 774 x1x.‚'vsus.
819 711 950 761 20‚-u.
968 699 1038 781 835.
1266 712 1329 783 737

205 884 285 949 licat
300 904 410 949 omnes
428 882 503 948 t'llos
519 882 580 965 qui
593 882 748 964 professi
761 892 840 946 sunt
857 881 963 946 selam
981 880 1107 957 Fidem,
1127 903 1166 945 ac
1186 882 1329 947 interius

204 980 290 1043 retuli
308 988 414 1055 eram,
435 988 505 1042 tam
525 978 623 1041 Laici
641 986 674 1041 et
693 977 814 1059 vulgas
837 998 937 1059 quam
958 976 1084 1043 Clerici
1102 987 1134 1040 et
1154 978 1251 1053 dotti,
1271 979 1332 1061 qui

199 1086 264 1157 per
283 1072 549 1137 ratiocinationes
566 1082 598 1135 et
614 1072 863 1135 contestationes
881 1073 970 1155 quod
984 1071 1056 1137 sola
1071 1070 1172 1136 Fides
1189 1072 1237 1135 sit
1254 1073 1327 1135 uni-

202 1191 274 1232 cum
292 1167 435 1231 medeiem
450 1165 581 1242 salutis,
598 1166 813 1229 adduxerunt
826 1166 911 1231 alios
930 1167 979 1231 ad
993 1167 1215 1247 recipiendum
1233 1166 1328 1231 illam

193 1264 310 1349 fidem,
338 1272 370 1325 et
398 1262 447 1325 ad
471 1261 648 1324 vivendum
677 1262 852 1325 secundum
880 1261 1092 1325 illam—Per
1124 1260 1304 1325 “Bestiam
1313 1262 1328 1286 ”

202 1361 256 1423 hic
275 1356 480 1438 intelligitur
500 1354 644 1419 “Bestia
667 1376 686 1419 e
708 1356 814 1419 mari¹'
835 1354 893 1437 (de
911 1376 978 1439 qua
995 1355 1101 1437 Aper.
1121 1356 1189 1418 xiii.
1210 1356 1326 1439 1-10);

201 1464 237 1519 et
269 1474 329 1536 per
353 1450 741 1533 “Pseudoprophetam”
763 1451 967 1533 intelligitur
993 1451 1138 1513 “Bestia
1164 1471 1184 1514 e
1214 1450 1327 1514 terra'’

189 1548 263 1631 '(de
285 1567 352 1631 qua
373 1548 408 1610 in
431 1546 552 1610 eodem
576 1546 698 1629 capite,
723 1565 743 1608 a
764 1566 850 1609 vers.
879 1562 912 1608 11
938 1546 981 1608 ad
1008 1542 1097 1628 181⁰).
1143 1543 1244 1627 Quod
1267 1566 1327 1628 per

203 1644 386 1707 “Bestiam
419 1662 438 1705 e
472 1639 577 1704 man'”
606 1640 842 1722 intelligantur
873 1640 948 1704 laici
978 1650 1013 1704 et
1043 1638 1176 1721 vulgus,
1208 1640 1263 1722 qui
1292 1640 1326 1703 in

202 1738 382 1820 Religioso
411 1736 454 1799 de
483 1736 557 1798 sola
583 1734 669 1798 Fide
698 1745 788 1808 sunt,
819 1744 855 1799 et
884 1734 976 1817 quod
1006 1755 1066 1817 per
1097 1733 1277 1798 “Bestiam
1302 1757 1327 1814 ¹e

202 1832 317 1897 terra”
339 1830 575 1913 intelligantur
597 1829 709 1893 clerici
740 1840 775 1893 et
806 1828 897 1893 dotti
920 1830 976 1912 qui
1005 1831 1039 1891 in
1066 1828 1125 1892 illo
1149 1828 1326 1912 Religioso

199 1938 293 2004 sunt,
314 1928 418 1991 videri
441 1935 557 2008 potest
577 1925 620 1988 ab
639 1923 936 2007 Explicationibus
959 1922 1046 1987 illius
1066 1925 1205 2006 capitis:
1235 1926 1325 2007 quod

202 2019 558 2103 “Pseudopropheta”
574 2020 627 2083 hic
651 2021 695 2083 sit
720 2018 865 2082 “Bestia
887 2040 907 2082 e
930 2018 1042 2082 terra”
1061 2016 1118 2100 (de
1139 2038 1205 2101 qua
1227 2020 1261 2082 in
1284 2040 1326 2083 eo

200 2110 360 2200 capite,'a
372 2136 456 2179 vers.
474 2132 507 2179 11
522 2115 566 2179 ad
580 2115 627 2189 18,
641 2113 779 2196 agitur),
791 2122 888 2195 patet
901 2112 1078 2177 manifeste
1091 2135 1098 2191 ;
1115 2114 1193 2195 quia
1204 2114 1327 2177 dicitur

200 2214 255 2277 hic
274 2213 319 2275 de
339 2208 698 2293 “Pseudopropheta,’¹
717 2208 807 2290 quod
826 2208 870 2271 sit
892 2209 975 2291 “qui
995 2208 1074 2270 lecit
1094 2208 1191 2288 signa
1209 2226 1325 2273 coram

200 2308 312 2373 altera
330 2304 456 2379 Bestia,
473 2305 593 2388 quibus
611 2303 748 2366 seduxit
767 2303 975 2384 accipientes
991 2298 1221 2365 charadterem
1242 2300 1325 2365 Bes·

200 2403 270 2465 tiae
289 2409 325 2463 et
344 2400 528 2463 adorantes
546 2398 730 2479 imaginem
746 2397 816 2477 ejus
828 2397 853 2474 ;''
873 2417 951 2460 nam
967 2395 1088 2459 similia
1107 2396 1264 2460 dicuntur
1282 2398 1325 2461 de

203 2495 350 2559 “Bestia
366 2514 387 2557 e
405 2492 518 2557 terra”
538 2490 626 2575 (cap.
646 2492 743 2574 xiii.),
762 2512 895 2574 nempe,
915 2491 1006 2575 quod

251 2640 383 2692 “Fecerit
395 2642 474 2705 signa
495 2655 595 2703 magna
617 2654 706 2689 coram
725 2638 817 2689 Bestia
839 2654 855 2689 e
878 2640 953 2698 mari,
973 2648 1000 2689 et
1022 2640 1157 2690 seduxerit
1173 2641 1324 2691 habitantes

332 2722 413 2770 super
430 2718 509 2764 terra,
527 2718 557 2756 ut
574 2707 717 2756 adorarent
735 2707 879 2770 imaginem
897 2707 965 2770 ejus,
979 2717 1007 2756 et
1024 2709 1174 2770 acciperent
1191 2706 1325 2758 characte-

332 2785 389 2821 rem
414 2773 474 2836 ejus
497 2786 578 2836 super
597 2787 679 2822 manu
698 2774 793 2822 dextra
815 2783 842 2823 et
862 2787 942 2836 super
962 2771 1072 2822 ironte''
1092 2773 1178 2838 (Apoc.
1199 2773 1253 2823 xiii.
1278 2786 1326 2823 12-

334 2841 390 2900 17);

201 3001 246 3044 ex
269 2978 389 3062 quibus
412 2987 520 3061 patet,
540 2978 630 3061 quod
654 2998 713 3060 per
733 2977 1121 3060 “Pseudoprophetam”
1142 2979 1195 3044 hic
1218 2980 1323 3061 signi-

201 3075 344 3139 ficentur
360 3073 472 3137 clerici
491 3083 526 3137 et
542 3070 643 3148 dotti,
661 3074 716 3156 qui
735 3092 772 3135 se
791 3071 1075 3137 confirmaverunt
1094 3073 1127 3136 in
1148 3073 1323 3155 Religioso

201 3170 244 3232 de
270 3167 345 3232 sola
371 3167 466 3243 Fide,
491 3177 526 3231 et
554 3168 762 3230 seduxerunt
790 3165 895 3230 laicos
921 3177 956 3230 et
978 3166 1120 3249 vulgus;
1157 3177 1324 3233 vocantur

203 3263 513 3345 Pseudopropheta,
527 3262 604 3345 quia
617 3282 676 3344 per
689 3268 709 3293 “
719 3259 869 3343 [salsum]
888 3261 1093 3344 Prophetam
1102 3261 1117 3286 '’
1129 3261 1322 3343 significan-

201 3368 256 3421 tur
265 3357 322 3439 qui
331 3357 458 3420 docent
468 3367 503 3420 et
514 3357 711 3439 praedicant
724 3354 818 3428 salsa,
830 3356 1057 3438 pervertendo
1068 3376 1147 3418 vera
1158 3355 1262 3419 Verbi
1275 3355 1322 3438 (n.

200 3453 231 3524 8,
244 3450 323 3533 701)
336 3472 343 3528 ;
367 3452 457 3533 quod
473 3471 532 3533 per
546 3449 694 3532 “signa“
707 3449 776 3530 ejus
793 3450 930 3513 Bestiae
942 3449 1173 3532 significentur
1185 3451 1322 3514 ratioci-

201 3546 359 3609 nationes
386 3554 421 3609 et
452 3546 725 3608 contestationes
755 3545 845 3626 quod
876 3543 949 3606 sola
981 3545 1082 3607 Fides
1112 3545 1156 3607 sit
1186 3545 1322 3608 unicum

202 3641 349 3703 medium
380 3637 510 3714 salutis,
541 3639 695 3702 videatur
728 3659 827 3720 supra
862 3635 909 3722 (n.
943 3639 1012 3719 598,
1039 3653 1108 3720 599,
1133 3638 1231 3720 704);
1264 3659 1323 3721 per

203 3735 385 3816 “accipere
404 3729 634 3797 charatterem
658 3733 794 3795 Bestiae
812 3742 848 3796 et
869 3733 1009 3797 adorare
1028 3733 1211 3816 imaginem
1230 3731 1322 3813 ejus''

201 3827 411 3910 significatur
429 3838 616 3909 agnoscere
635 3836 671 3890 et
689 3828 839 3909 recipere
857 3825 950 3891 illam
969 3825 1070 3890 fidem
1092 3825 1138 3909 (n.
1157 3827 1230 3907 634,
1246 3827 1320 3907 637,

260 4014 360 4098 835·
388 4013 945 4099 ¹¹litimiaaitonttituoinatcpoum
955 4013 1321 4099 &attundenteutplwm

200 4105 370 4188 significat
396 4107 487 4188 quod
511 4127 620 4170 omnes
650 4107 711 4178 illi,
739 4107 824 4170 sicut
843 4108 998 4188 suerunt,
1029 4107 1164 4191 coey'etii
1190 4107 1259 4171 sint
1287 4109 1322 4170 in

199 4200 386 4281 Infernum,
403 4201 706 4281 ubz’amoressalsi
720 4211 844 4264 suntet
859 4201 961 4264 semul
975 4202 1172 4282 cupiditates
1188 4201 1322 4264 mali.-

201 4294 264 4359 Per
288 4295 435 4358 “vivos”
457 4294 666 4377 significatur
695 4296 781 4360 sicut
812 4296 964 4375 luerunt;
996 4317 1055 4379 per
1087 4297 1177 4360 “hos
1207 4297 1321 4364 duos.''

203 4409 324 4472 nempe
338 4395 358 4422 “
367 4389 517 4453 Bestiam
530 4400 566 4453 et
583 4390 946 4472 Pseudoprophetam‚''
959 4389 1191 4473 significantur
1203 4410 1321 4453 omnes

200 4482 249 4546 illi
270 4485 327 4566 qui
349 4483 489 4566 professi
512 4493 591 4547 sunt
614 4485 722 4547 solam
747 4485 877 4560 Fidem,
901 4505 941 4548 ac
964 4487 1103 4548 interius
1126 4485 1319 4557 melissum,

201 4585 272 4641 tam
292 4577 370 4641 laici
388 4596 489 4659 quam
507 4577 631 4654 clerici,
652 4589 689 4642 ut
708 4599 789 4642 mox
809 4599 909 4660 supra
931 4577 977 4661 (n.
995 4579 1093 4661 834);
1117 4599 1176 4662 per
1195 4584 1319 4660 “stag-

202 4689 280 4736 num
299 4672 388 4754 ignis
406 4672 528 4736 ardens
548 4671 706 4756 sulphure
714 4674 729 4696 '¹
744 4673 952 4756 significatur
971 4673 1146 4752 infernum,
1167 4674 1222 4736 ubi
1240 4681 1319 4736 sunt
