3384 5400
567 651 646 704 cnr.
664 655 749 720 xvc,
768 643 870 711 vans.
888 663 997 729 3.-u.
1012 653 1084 715 681.
1322 670 1380 740 591

258 842 320 888 nec
343 821 433 888 aliud
456 823 682 908 significatum
705 841 777 908 est;
814 851 894 897 narn
917 836 1077 900 miracula
1099 837 1142 903 ibi
1164 836 1254 904 iadla
1275 839 1382 925 sig'ni·

255 915 405 982 ficabant
424 917 513 983 mala
535 931 571 986 et
593 922 678 986 falsa
699 923 871 1008 inquibus
892 939 1000 993 erant.
1045 930 1092 996 Et
1110 934 1188 1016 quia
1211 933 1303 1000 Gens
1324 935 1382 1018 Ju-

256 1011 355 1075 daica
377 1024 451 1077 erat
474 1015 507 1078 in
530 1016 799 1098 prophanatione
818 1019 935 1098 Verbi,
954 1035 990 1088 et
1013 1025 1096 1089 haec
1120 1047 1180 1109 per
1199 1027 1382 1111 “lepram''

254 1105 473 1188 significatur,
490 1107 567 1173 ideo
589 1111 649 1176 suit
673 1112 765 1195 lepra
784 1134 853 1179 non
872 1118 976 1181 modo
1000 1120 1034 1183 in
1053 1140 1169 1184 eorum
1190 1142 1302 1197 carne,
1318 1126 1379 1189 sed

253 1200 357 1264 etiam
385 1201 420 1264 in
449 1204 608 1280 vestibus,
639 1205 794 1272 domibus
827 1218 863 1274 et
893 1213 1003 1291 vasis3
1036 1224 1073 1277 et
1101 1217 1380 1299 prophanationis

254 1313 380 1375 genera
403 1296 635 1378 significantur
652 1320 711 1382 per
728 1304 821 1366 varia
843 1305 934 1370 mala
957 1305 1084 1389 leprae,
1103 1330 1190 1393 quae
1207 1321 1305 1376 erant

306 1395 447 1454 Tumores,
460 1397 550 1448 ulcera
561 1407 706 1458 tumorum,
720 1400 834 1464 papulae
845 1401 923 1452 albae
935 1411 962 1452 et
974 1404 1154 1465 rubescentes,
1167 1408 1321 1468 abscessus.
1334 1422 1379 1460 ua·

386 1463 483 1522 tiones,
497 1463 651 1528 vitiligines,
667 1465 826 1530 porrigines,
840 1476 890 1518 etc.
905 1466 999 1531 (Leoit.
1010 1470 1066 1520 xiii.
1080 1483 1092 1520 1
1105 1471 1140 1521 ad
1151 1471 1218 1535 fio.)-

255 1595 413 1662 Ecclesia
427 1597 517 1662 enim
533 1599 623 1683 apud
641 1599 735 1680 illan)
754 1611 896 1682 gentem
911 1613 985 1668 erat
1004 1602 1163 1669 Ecclesia
1177 1627 1376 1690 repraesen-

255 1692 374 1766 tativa,
395 1691 428 1757 in
446 1713 512 1776 qua
535 1693 668 1758 interna
684 1697 1030 1778 repraesentabantur
1047 1720 1107 1782 per
1124 1711 1271 1765 externa
1289 1723 1377 1786 quae

255 1787 581 1870 correspondebant.

315 1885 415 1968 679·
443 1885 502 1948 “in
528 1884 693 1949 hominibus
722 1886 902 1952 iubentibus
933 1887 1152 1952 diameter-em
1182 1886 1318 1960 aanor,
1346 1893 1382 1952 ci

253 1975 415 2058 imaginem
435 1975 503 2057 elue
523 1975 759 2064 cdomntidnr,''
773 1976 942 2058 significat
963 1977 1060 2058 apud
1075 1977 1154 2041 illos
1176 1978 1237 2060 qui
1256 1978 1380 2046 uiuunt

253 2071 360 2136 solam
387 2072 528 2146 Fruems
542 2082 575 2137 et
601 2073 763 2154 recipiunt
789 2074 977 2138 doiirinam
1007 2074 1194 2158 ejici—Per
1224 2075 1379 2140 “habere

255 2165 484 2232 charad’terem
507 2166 643 2232 Bestiae
651 2167 666 2192 ”
684 2166 892 2250 significatur
909 2169 1017 2232 solam
1041 2169 1160 2233 Fidem
1178 2190 1376 2252 agnoscere,

255 2260 348 2325 illam
363 2263 453 2344 apud
471 2283 508 2326 se
523 2260 731 2336 confirmare,
748 2274 783 2327 et
799 2264 912 2327 vivere
927 2265 1110 2328 secundum
1127 2263 1239 2341 illam;
1262 2274 1298 2329 et
1317 2285 1378 2349 per

256 2357 426 2421 “adorare
452 2357 633 2439 imaginem
660 2356 730 2438 ejus
739 2357 753 2382 ’'
779 2357 988 2440 significatur
1014 2359 1162 2440 recipere
1188 2355 1377 2424 doitrinam

255 2449 324 2532 ejus
352 2449 521 2532 (videatur
546 2471 656 2535 supra,
680 2471 712 2515 n.
733 2451 807 2527 602,
833 2461 907 2516 tum
932 2452 1005 2533 634,
1028 2451 1118 2534 637).
1178 2452 1240 2515 Per
1265 2455 1379 2518 vivere

207 2593 211 2602 .
255 2544 364 2609 solam
389 2545 518 2620 Fidem,
538 2555 574 2610 et
592 2547 740 2629 recipere
759 2543 948 2610 doitrinam
967 2546 1047 2628 ejus,
1066 2545 1267 2628 intelligitur
1284 2547 1378 2611 nihili

255 2639 364 2705 t'acere
380 2641 485 2705 vitam
504 2651 641 2724 propter
659 2639 814 2716 salutem,
832 2661 894 2706 nec
914 2639 1061 2725 aliquam
1081 2643 1281 2719 veritatem;
1304 2662 1378 2707 cre·

255 2735 377 2799 dentes
393 2736 483 2819 quod
502 2738 528 2799 si
547 2736 650 2799 modo
666 2745 763 2799 orent
782 2736 825 2800 ad
846 2735 955 2800 Deum
973 2736 1108 2800 Patrem
1124 2747 1160 2799 ut
1180 2738 1379 2802 misereatur

257 2840 396 2913 propter
419 2830 552 2905 Filium,
575 2828 757 2893 salventur.
804 2830 882 2894 Hoc
908 2829 1034 2894 iaciunt
1057 2829 1104 2893 illi
1126 2830 1298 2912 imprimis,
1322 2833 1379 2915 qui

257 2923 415 2988 interiora
433 2921 606 2988 doctrinae
629 2923 715 2987 illius
734 2924 844 2987 sciunt
864 2934 900 2987 et
918 2935 1120 3006 agnoscunt,
1140 2924 1184 2987 de
1204 2923 1269 2989 illis
1287 2925 1378 2991 enim

256 3018 308 3082 hic
327 3019 439 3100 agitur
459 3017 628 3101 (videatur
646 3038 728 3082 mox
747 3038 858 3101 supra,
878 3037 910 3082 n.
928 3017 1018 3101 677).

316 3114 422 3181 ⁶80.
447 3126 536 3192 [Vm.
549 3124 588 3191 3·]
613 3114 845 3179 'lincurius
865 3114 1000 3197 Angelus
1013 3113 1122 3178 effudit
1136 3114 1269 3197 plinium
1290 3135 1380 3180 tuum

256 3222 351 3286 cuper·
362 3204 487 3277 munl'
501 3202 669 3285 significat
684 3202 851 3287 inflictum
865 3205 942 3269 veri
956 3214 990 3268 et
1003 3204 1081 3267 boni
1094 3225 1116 3266 a
1129 3202 1274 3267 Domino
1287 3203 1384 3286 apud

256 3296 330 3360 illos
349 3296 384 3359 in
402 3294 549 3359 Ecclesia
565 3295 845 3376 Reformatorum,
863 3296 923 3379 qui
937 3296 971 3359 in
988 3294 1136 3360 externis
1152 3296 1222 3379 ejus
1240 3306 1328 3372 sunt,
1347 3306 1380 3361 et

256 3390 291 3454 in
308 3390 383 3474 fide
406 3390 482 3464 illa,
503 3397 537 3452 'et
561 3400 720 3453 vocantur
745 3389 955 3454 Lucci—Per
979 3388 1178 3454 “effundere
1207 3390 1354 3473 phialam
1363 3390 1380 3417 ’'

257 3484 464 3569 significatur
486 3482 631 3547 influxus
654 3486 723 3549 veri
751 3494 786 3549 et
812 3486 893 3549 boni
918 3506 938 3548 a
965 3484 1114 3549 Domino
1138 3482 1322 3567 (utsupra,
1346 3506 1378 3549 n.

255 3578 328 3661 676,
354 3579 454 3661 677);
486 3599 546 3661 per
574 3578 720 3643 “mare”
745 3578 954 3661 significatur
980 3591 1161 3643 externum
1191 3579 1378 3655 Ecclesiae,

258 3674 397 3757 proinde
423 3672 470 3736 illi
493 3674 549 3755 qui
575 3673 607 3735 in
631 3674 783 3737 externis
806 3672 876 3754 ejus
898 3682 988 3747 sunt,
1012 3673 1092 3735 dum
1119 3693 1180 3756 per
1202 3674 1380 3739 “terram”

256 3768 463 3851 significatur
481 3768 649 3831 internum
672 3766 860 3841 Ecclesiae,
881 3769 928 3831 ita
946 3766 994 3830 illi
1013 3768 1068 3850 qui
1090 3768 1123 3849 in
1147 3767 1287 3831 internis
1309 3768 1379 3850 ejus

257 3872 335 3927 sunt
353 3862 400 3944 (n.
414 3864 484 3943 398,
497 3876 569 3941 403,
582 3877 655 3945 404,
667 3878 741 3940 420,
753 3878 827 3943 470,
840 3858 966 3945 677¹¹¹);
993 3861 1026 3925 hi
1045 3871 1125 3926 sunt
1143 3862 1199 3945 qui
1215 3873 1380 3928 vocantur

257 3956 349 4021 Laici
368 3966 403 4020 et
422 3958 455 4019 in
474 3955 540 4019 fide
558 3954 627 4019 illa.
1212 3984 1217 3992 ·

317 4058 415 4125 ⁶81.
444 4057 509 4120 ‘El
522 4058 984 4140 inmaeelcunpuietnnqunm
993 4057 1381 4130 mortnielomniecnimc

259 4148 321 4211 rire
331 4154 451 4211 mortun
462 4146 552 4212 estin
561 4147 677 4219 mcci,''
686 4146 857 4229 significat
868 4148 964 4229 apud
970 4147 1049 4211 illos
1053 4146 1189 4228 falsum
1199 4147 1378 4226 infernale,

252 4250 318 4323 per
338 4241 428 4323 quod
445 4262 538 4303 omne
557 4260 672 4303 verum
698 4238 799 4303 Verbi
816 4249 849 4302 et
873 4238 950 4303 r'rtde
970 4238 1135 4303 Ecclesiae
1155 4249 1187 4302 ct
1202 4239 1298 4323 fidei,
1320 4262 1378 4303 ex·

259 4333 415 4398 stinctum
436 4332 603 4398 est-Per
626 4334 853 4415 “sanguinem
877 4342 1040 4416 tanquam
1064 4333 1187 4398 mortui
1197 4334 1212 4359 '¹
1234 4354 1294 4397 seu
1320 4354 1380 4416 per

259 4448 411 4492 cruorem
430 4438 465 4493 et
484 4429 611 4492 saniem
628 4426 835 4511 significatur
853 4426 972 4491 falsum
992 4428 1173 4505 infernale;
1197 4449 1255 4511 per
1273 4434 1379 4492 “san-

259 4523 394 4605 guinem
403 4521 418 4546 ”
436 4523 525 4585 enim
545 4520 751 4604 significatur
775 4521 934 4585 Divinum
951 4520 1091 4597 Verum,
1110 4532 1147 4587 et
1166 4524 1199 4585 in
1220 4521 1380 4604 opposito

261 4634 360 4681 sensu
390 4614 471 4679 illud
504 4614 716 4680 falsificatum
747 4612 794 4699 (n.
827 4615 925 4698 379);
966 4616 1027 4680 sed
1059 4636 1118 4700 per
1152 4617 1378 4697 “sanguinem

621 4748 634 4781 ,
