3384 5400
516 695 595 745 cnr.
612 694 820 757 xx1.‚vsns.
837 694 968 762 25.-u.
983 695 1054 761 922.
1282 679 1345 759 829

225 863 292 929 tiae
322 885 368 929 ex
400 864 492 928 bono
521 864 645 927 amoris
675 862 868 946 spiritualis,
900 864 977 947 quia
1007 862 1096 945 prius
1126 862 1344 933 nominantur

227 957 406 1041 “gentes'’
428 979 488 1041 per
509 978 592 1041 quas
615 958 848 1040 significantur
870 959 925 1041 qui
948 960 982 1022 in
1005 958 1097 1021 bono
1118 958 1242 1021 amoris
1266 977 1342 1020 cae-

225 1050 319 1116 lestis
335 1062 424 1126 sunt,
438 1052 481 1115 de
496 1053 615 1135 quibus
630 1054 663 1114 in
681 1051 908 1133 praecedente
924 1050 1101 1127 Articulo;
1125 1072 1185 1133 per
1199 1051 1343 1114 “afferro

224 1145 366 1227 gloriam
385 1155 420 1209 et
443 1146 607 1209 honorem
626 1147 660 1208 in
678 1145 802 1219 illam,’'
820 1167 880 1209 seu
900 1146 1034 1209 Novam
1055 1144 1341 1225 Hierosolymam,

224 1240 431 1322 significatur
449 1238 602 1305 confiteri
621 1240 805 1304 Dominum
828 1251 865 1304 et
888 1241 1044 1304 addicare
1069 1239 1136 1323 Ipsi
1160 1260 1261 1302 omne
1285 1260 1342 1303 ve·

223 1354 296 1398 rum
312 1344 347 1397 et
366 1335 504 1410 bonum,
521 1355 606 1416 quae
622 1335 711 1417 apud
727 1355 763 1397 se
779 1344 878 1413 sunt;
902 1334 992 1417 quod
1011 1335 1094 1397 haec
1113 1333 1344 1414 significentur

223 1449 282 1511 per
311 1428 427 1492 afferre
457 1438 492 1492 et
522 1429 602 1493 dare
634 1428 806 1511 “gloriam
835 1440 872 1493 et
902 1428 1098 1503 honorem,”
1127 1429 1281 1492 videatur
1311 1448 1342 1491 n.

222 1539 294 1605 249,
314 1524 387 1604 629,
406 1524 479 1604 693,
502 1523 660 1605 “gloria'’
679 1525 769 1587 enim
792 1525 1005 1606 praedicatur
1027 1524 1070 1587 de
1094 1523 1218 1588 Divino
1237 1522 1340 1595 Vero,

222 1627 258 1681 et
279 1617 437 1680 “honor'’
456 1618 498 1680 de
523 1618 647 1681 Divino
666 1617 764 1682 Bono
784 1617 921 1682 Domini
947 1616 993 1700 (n.
1013 1618 1102 1699 249).
1147 1618 1210 1681 Per
1230 1624 1341 1699 “gen-

223 1721 276 1774 tes
306 1720 342 1775 et
371 1712 493 1792 reges”
515 1711 636 1774 similia
665 1711 897 1793 significantur
927 1732 1013 1795 quae
1043 1732 1102 1793 per
1126 1717 1280 1794 “gentes
1307 1722 1342 1775 et

223 1805 390 1886 populos”
410 1804 468 1887 (de
490 1806 609 1888 quibus
632 1826 742 1887 supra,
763 1826 794 1869 n.
813 1805 913 1885 483);
948 1826 1007 1887 per
1027 1811 1178 1887 “gentes
1188 1806 1202 1829 ”
1221 1804 1268 1869 illi
1287 1808 1342 1889 qui

222 1900 255 1963 in
274 1899 366 1963 bono
384 1901 507 1963 amoris
526 1908 615 1973 sunt,
632 1909 667 1962 et
687 1920 746 1981 per
765 1899 960 1981 “populos”
976 1901 1031 1983 qui
1050 1901 1083 1963 in
1102 1900 1189 1963 veris
1208 1902 1341 1983 sapien·

224 1995 291 2057 tiae
310 2005 411 2071 sunt;
440 1995 544 2056 etiam
567 1994 600 2055 in
620 1995 779 2075 opposito
797 2014 916 2057 sensu:
950 2015 1052 2077 quare
1075 1995 1108 2057 in
1128 1993 1245 2057 Verbo
1264 2015 1341 2075 pas·

223 2089 285 2151 sim
304 2090 460 2151 dicuntur
480 2094 631 2169 “gentes
649 2098 685 2151 et
706 2088 834 2170 reges,”
853 2089 940 2152 sicut
959 2088 1115 2151 dicuntur
1136 2092 1287 2171 “gentes
1305 2100 1341 2153 et

222 2183 366 2267 populi,”
385 2194 421 2247 ut
440 2184 473 2247 in
492 2185 562 2246 his:

273 2336 291 2359 “
301 2333 481 2384 incurvabunt
502 2348 532 2382 se
553 2333 595 2383 llll
615 2348 711 2383 omnes
732 2332 830 2395 Reges,
852 2344 880 2383 et
899 2348 995 2383 omnes
1016 2332 1117 2383 Gentes
1137 2334 1256 2383 servient
1277 2332 1318 2383 Illi
1327 2333 1342 2355 ”

242 2413 245 2419 '
351 2399 460 2459 (Pralnr.
473 2400 545 2449 lxxii.
559 2399 615 2460 11);

273 2464 382 2528 “Suges
393 2464 434 2513 lac
446 2464 582 2523 Gentium,
596 2475 624 2513 et
634 2464 717 2513 ubera
730 2463 834 2527 Regum
848 2479 928 2527 suges
936 2464 950 2483 '¹
958 2463 1041 2529 (Esaj.
1053 2464 1089 2514 lx.
1103 2464 1158 2525 ῐ6);

272 2530 402 2580 “Servire
421 2529 520 2579 facient
539 2544 587 2579 eos
608 2529 709 2580 Gentes
726 2530 834 2590 multae,
855 2539 882 2580 et
904 2530 992 2593 Reges
1013 2528 1127 2593 magnl”
1144 2529 1254 2595 (Jmm.
1275 2544 1338 2581 xxv.

272 2664 290 2686 “
300 2596 432 2712 Dodrlrllrs
444 2661 477 2711 ad
489 2662 610 2711 dextram
622 2671 696 2711 tuam
709 2662 838 2725 percussit
850 2662 878 2711 iu
891 2660 933 2712 die
946 2661 1001 2712 irae
1014 2660 1112 2726 Reges,
1126 2660 1253 2726 judicavit
1270 2661 1341 2712 inter

350 2727 452 2778 Gentes
460 2727 475 2748 ”
486 2727 596 2788 (Prata.
606 2724 665 2778 exul
676 2739 698 2788 5,
709 2728 744 2789 6).

270 2790 393 2859 (Praeter
404 2792 487 2856 alibi.)

279 2963 374 3030 922.
399 2961 488 3027 [Vm.
501 2958 557 3026 η]
583 2947 647 3011 ‘fr
655 2953 766 3029 purim
776 2947 843 3031 ojus
858 2967 917 3011 non
931 2949 1114 3011 claudentur·
1127 2947 1342 3020 intendimur

220 3037 298 3101 anien
317 3057 376 3101 non
395 3037 457 3100 orii
474 3037 550 3110 iu?
564 3038 732 3118 significat
752 3038 844 3120 quod
858 3039 896 3101 in
915 3037 1049 3102 Novam
1068 3037 1339 3118 Hierosolymam

218 3130 348 3212 fugiter
368 3129 572 3210 recipiantur
593 3129 654 3210 qui
671 3129 706 3192 in
728 3129 817 3192 veris
840 3151 883 3194 ex
904 3129 984 3193 bono
1006 3131 1132 3193 amoris
1156 3151 1177 3193 a
1198 3130 1340 3194 Domino

219 3234 307 3300 sunt,
327 3224 406 3306 quia
424 3243 486 3285 non
504 3223 554 3286 ibi
567 3233 618 3287 est
625 3223 762 3303 falsum
770 3223 973 3308 fidei—Per
991 3225 1081 3307 quod
1103 3229 1250 3306 “portae
1270 3245 1338 3288 non

219 3317 420 3381 claudentur
437 3317 606 3380 interdiu”
624 3316 832 3399 significatur
855 3318 945 3401 quod
964 3318 1090 3400 jugiter
1113 3320 1339 3383 admittantur

218 3416 274 3497 qui
304 3413 424 3476 volunt
456 3413 614 3489 introire;
648 3433 707 3495 per
739 3413 936 3477 “interdiu’'
966 3413 1174 3495 significatur
1201 3413 1337 3496 jugiter,

218 3510 295 3592 quia
314 3527 447 3588 semper
469 3507 513 3569 ibi
536 3506 595 3569 lux
616 3504 668 3589 (ut
691 3527 802 3589 supra,
822 3528 908 3571 vers.
932 3525 964 3570 11
987 3518 1023 3570 et
1041 3507 1109 3591 23),
1129 3520 1165 3572 et
1189 3529 1257 3572 non
1277 3510 1338 3572 ali·

218 3625 284 3686 qua
299 3622 381 3676 nox,
399 3610 435 3664 ut
452 3601 609 3682 sequitur.
655 3599 756 3682 Quod
768 3601 894 3684 jugiter
909 3603 1113 3684 recipiantur
1128 3604 1183 3685 qui
1202 3605 1235 3666 in
1252 3606 1338 3667 veris

218 3719 262 3761 ex
286 3698 378 3760 bono
396 3698 519 3759 amoris
543 3716 562 3758 a
586 3695 733 3758 Domino
753 3705 843 3770 sunt,
864 3705 916 3760 est
940 3699 1015 3779 quia
1036 3697 1094 3759 lux
1115 3696 1234 3760 Novae
1254 3696 1337 3761 Hie-

218 3790 411 3871 rosolymae
423 3800 476 3853 est
489 3809 604 3853 verum
616 3811 662 3853 ex
675 3791 766 3854 bono
779 3792 913 3865 amoris,
928 3801 964 3855 et
976 3783 1103 3855 bonum
1116 3793 1239 3854 amoris
1254 3790 1336 3874 [est]

217 3905 238 3948 a
254 3884 413 3958 Domino,
429 3894 465 3946 ut
478 3885 610 3965 saepius
622 3903 722 3966 supra
733 3895 910 3947 ostensum
923 3895 995 3961 est;
1020 3887 1104 3948 etin
1121 3885 1214 3948 illam
1227 3885 1337 3950 lucem

218 3999 285 4042 non
305 3980 430 4041 intrare
449 3986 592 4060 possunt
610 3977 676 4052 alii,
697 3999 797 4060 quam
817 3979 873 4061 qui
894 3979 927 4041 in
946 3981 1033 4042 veris
1052 3999 1097 4042 ex
1116 3979 1207 4042 bono
1226 3999 1246 4042 a
1265 3979 1337 4043 Do·

217 4074 309 4136 mino
336 4081 425 4135 sunt.
470 4069 504 4134 Si
531 4073 659 4136 intrant
686 4072 797 4146 alieni,
825 4092 895 4136 non
922 4074 1136 4154 recipiuntur,
1165 4074 1242 4156 quia
1268 4093 1337 4137 non

216 4166 448 4243 concordant;
472 4177 507 4230 et
527 4176 607 4230 tunc
627 4165 681 4228 vel
700 4187 760 4229 sua
779 4179 902 4250 sponte
921 4178 1062 4242 exeunt,
1080 4168 1157 4250 quia
1175 4187 1244 4232 non
1263 4189 1336 4232 sus-

216 4259 444 4324 tinent·illam
468 4260 589 4334 lucem,
613 4260 667 4323 vel
690 4263 903 4324 emittuntur.
949 4261 1012 4324 Per
1034 4261 1124 4344 quod
1146 4267 1245 4326 “nox
1268 4283 1336 4326 non

215 4355 278 4418 erit
297 4354 364 4417 ibi”
383 4353 590 4436 significatur
608 4356 698 4436 quod
718 4375 785 4417 non
805 4353 926 4418 salsum
945 4353 1021 4418 fidei
1037 4377 1044 4432 ;
1069 4376 1128 4437 per
1148 4354 1337 4420 “mitem'’

216 4449 307 4511 enim
326 4447 534 4530 significatur
549 4450 744 4530 oppositum
764 4448 840 4526 luci,
858 4460 893 4513 et
913 4470 972 4532 per
990 4449 1128 4514 “lucem
1136 4449 1151 4475 ’'
1167 4450 1336 4532 significa-

216 4552 269 4606 tur
299 4561 414 4607 verum
445 4563 489 4606 ex
519 4543 611 4605 bono
640 4544 764 4605 amoris
793 4563 813 4606 a
848 4544 1007 4618 Domino,
1036 4555 1074 4608 ut
1104 4541 1231 4608 dictum
1262 4555 1335 4621 est;

217 4635 293 4700 inde
308 4655 369 4720 per
386 4634 574 4699 “mitem''
590 4636 798 4718 significatur
817 4638 851 4701 id
869 4639 960 4722 quod
979 4659 1047 4702 non
1067 4659 1111 4702 ex
1130 4639 1221 4703 bono
1239 4658 1335 4702 amo·
