3384 5400
327 645 393 730 604
652 661 898 713 mocuuuesrs
921 661 1130 712 navemn.

327 829 450 896 clesiae
469 831 598 908 Novae,
615 832 692 898 ideo
710 853 769 914 per
786 832 913 897 “Diem
931 831 1103 914 Jehovae”
1118 832 1293 914 permultis
1310 833 1345 900 in
1364 832 1446 899 locis

320 927 430 988 etiam
454 925 661 1007 significatur
686 926 759 990 finis
786 927 903 1010 prioris
929 927 1124 1004 Ecclesiae;
1154 937 1190 992 et
1213 928 1335 991 dicitur
1355 927 1444 1012 quod

328 1028 407 1082 tunc
427 1040 585 1094 rumores,
606 1020 770 1086 tumultus
788 1031 823 1085 et
847 1021 957 1097 bella;
980 1041 1066 1102 quae
1085 1020 1160 1084 loca
1178 1021 1357 1086 videantur
1374 1021 1444 1086 col-

328 1113 397 1177 lata
416 1115 448 1176 in
467 1113 629 1178 Dalirina
646 1114 762 1178 Novae
778 1114 1025 1196 He'erosolymae
1042 1115 1082 1176 de
1098 1114 1238 1177 Domino
1258 1114 1305 1196 (n.
1322 1133 1346 1194 4
1377 1115 1420 1198 5).

386 1231 485 1300 705.
511 1227 596 1292 [Vers.
612 1227 664 1294 15·]
690 1217 798 1280 “ane
815 1216 898 1280 saulo
910 1217 995 1280 ciunt
1007 1216 1078 1289 im,-
1099 1217 1208 1280 henim
1222 1217 1277 1298 qui
1295 1216 1397 1299 vipilni
1413 1221 1447 1280 ei

318 1310 435 1380 ,seruat
455 1305 631 1370 sentimenta
651 1307 746 1378 eua,''
761 1306 931 1387 significat
946 1305 1140 1368 Adventum
1158 1307 1308 1381 Domini,
1324 1317 1357 1369 et
1370 1317 1446 1369 tnnc

330 1395 464 1461 Caelum
486 1397 555 1460 illis
578 1396 638 1478 qui
656 1397 807 1478 spetiant
828 1397 878 1460 ad
896 1397 1022 1477 Ipsum,
1045 1405 1077 1460 et
1097 1407 1293 1479 permanent
1317 1397 1353 1460 in
1375 1399 1445 1462 vita

327 1492 500 1554 secundum
521 1501 699 1573 praecepta
726 1491 850 1573 Ipsius,
874 1511 957 1572 quae
981 1501 1059 1555 sunt
1083 1513 1164 1554 uera
1193 1491 1444 1573 Verbi-Quod

329 1587 468 1648 “venire
495 1587 580 1649 sicut
605 1585 682 1660 sur,”
705 1606 780 1649 cum
804 1586 847 1648 de
874 1585 1032 1660 Domino,
1055 1585 1222 1667 significet
1246 1585 1444 1650 Adventum

319 1679 447 1760 ‚lpsius,
463 1689 498 1743 et
517 1690 596 1744 tunc
617 1679 755 1744 Caelum
774 1679 838 1742 illis
855 1682 911 1762 qui
929 1680 1015 1743 bene
1031 1681 1199 1754 vixerunt,
1214 1700 1255 1744 ac
1275 1681 1444 1744 lnsernum

326 1772 391 1836 illis
407 1775 462 1856 qui
480 1775 569 1837 male
587 1775 755 1849 vixerunt,
772 1775 927 1838 videatur
944 1794 1044 1855 supra
1062 1771 1108 1856 (n.
1129 1773 1224 1858 164);
1248 1777 1337 1858 quod
1357 1777 1444 1839 “be-

319 1867 424 1930 atus’'
447 1868 577 1931 dicatur
599 1869 654 1951 qui
676 1869 781 1932 vitam
805 1879 979 1932 aeternam
1002 1869 1125 1950 accipit
1150 1868 1197 1950 (n.
1219 1867 1318 1953 639);
1355 1871 1444 1953 quod

328 1959 518 2042 “vigilare''
540 1961 705 2042 significet
733 1962 951 2044 spiritualiter
976 1963 1099 2038 vivere,
1124 1963 1188 2026 hoc
1215 1973 1278 2037 est,
1303 1965 1335 2026 in
1358 1966 1444 2026 veris

327 2075 401 2120 esse
419 2065 453 2118 et
473 2056 505 2118 in
525 2057 595 2118 vita
613 2058 795 2120 secundum
816 2055 883 2130 illa,
903 2066 938 2119 et
957 2053 1110 2138 spectare
1129 2058 1172 2120 ad
1195 2056 1376 2121 Dominum
1397 2057 1444 2140 (n.

331 2149 402 2229 158)
417 2171 423 2226 ;
440 2160 475 2213 et
488 2151 577 2232 quod
589 2155 607 2182 “
617 2170 749 2214 servare
759 2153 965 2214 vestimenta
976 2171 1036 2212 sua
1043 2151 1058 2175 '¹
1069 2150 1236 2232 significet
1248 2171 1445 2232 permanere

326 2243 359 2305 in
375 2243 439 2305 illis
455 2243 558 2326 usque
577 2245 619 2306 ad
638 2243 738 2308 finem
754 2247 856 2319 vitae,
874 2246 1108 2308 “vestimenta
1116 2243 1132 2269 ’'
1147 2247 1236 2307 enim
1253 2245 1444 2326 significant

326 2357 405 2400 vera
427 2338 643 2401 investientia
668 2336 714 2420 (n.
742 2338 809 2415 166,
830 2355 902 2413 212,
924 2337 1011 2419 328),
1034 2341 1082 2401 ita
1105 2351 1286 2420 praecepta
1309 2338 1445 2403 Domini

325 2431 358 2493 in
382 2429 508 2506 Verbo,
532 2433 608 2513 quia
631 2432 714 2495 haec
738 2443 815 2496 sunt
838 2453 928 2496 vera.
974 2432 1070 2495 Haec
1094 2451 1181 2495 nunc
1205 2443 1390 2514 sequuntur
1410 2433 1443 2495 in

326 2526 443 2588 ordine
457 2547 502 2588 ex
518 2525 582 2588 illis
595 2547 681 2608 quae
697 2528 903 2608 praecedunt
917 2549 924 2604 ;
944 2547 1022 2589 nam
1038 2527 1209 2608 praecedit
1222 2527 1265 2589 de
1281 2525 1445 2590 Adventu

326 2619 472 2693 Domini,
486 2630 520 2683 et
537 2621 579 2683 de
596 2619 694 2683 Nova
707 2620 861 2684 Ecclesia
874 2642 881 2698 ;
903 2631 974 2683 tum
988 2621 1031 2684 de
1047 2621 1302 2703 impugnatione
1317 2621 1386 2703 ejus
1401 2622 1444 2685 ab

327 2712 392 2777 illis
415 2716 469 2796 qui
493 2735 511 2777 e
534 2716 639 2778 veteri
663 2714 818 2789 Ecclesia
839 2726 938 2792 sunt;
962 2726 997 2779 et
1016 2716 1093 2797 quia
1114 2736 1227 2797 pugna
1248 2716 1365 2791 instat,
1385 2718 1444 2779 ad·

326 2818 506 2870 monentur
518 2810 573 2890 qui
588 2810 621 2871 in
637 2811 724 2872 veris
740 2818 818 2872 sunt
835 2830 879 2873 ex
897 2809 1014 2873 Verbo
1030 2819 1066 2871 ut
1083 2811 1115 2872 in
1131 2809 1196 2872 illis
1212 2821 1443 2891 permaneant,

326 2922 368 2965 ne
386 2903 418 2964 in
439 2902 564 2983 praelio
585 2902 643 2985 (de
661 2924 728 2985 quo
746 2904 779 2967 in
798 2924 897 2967 versu
915 2903 1094 2987 sequente)
1114 2904 1344 2967 succumbant.

385 3004 487 3086 706.
515 3004 583 3068 “vr
605 3024 664 3067 non
687 3004 785 3069 nudus
814 3006 950 3068 ambulet
973 3011 1009 3068 ei
1031 3005 1149 3067 rideant
1171 3006 1318 3086 pudorem
1341 3006 1446 3089 ejuc,''

326 3095 492 3177 significat
511 3117 550 3159 ne
566 3097 635 3159 sint
651 3117 723 3160 curn
741 3096 810 3160 illis
829 3098 939 3179 quiin
957 3096 1059 3159 nullis
1077 3098 1166 3160 veris
1184 3107 1271 3172 sunt,
1290 3108 1321 3160 et
1337 3108 1444 3179 appa·

325 3200 421 3254 reant
452 3212 579 3255 amores
611 3190 793 3271 infernales
824 3193 1052 3255 eorum-Per
1083 3192 1218 3254 “nudus
1250 3192 1446 3255 ambulare”

322 3284 531 3367 ,significatur
553 3286 680 3368 absque
702 3288 789 3349 veris
812 3287 944 3363 vivere;
968 3306 1027 3369 per
1047 3292 1065 3344 ‘.‘
1075 3287 1236 3369 pudorem
1259 3287 1421 3349 nuditatis
1430 3286 1445 3312 ''

326 3398 384 3441 seu
399 3378 606 3461 “pudenda''
619 3378 851 3460 significantur
866 3381 975 3462 spurci
991 3400 1133 3453 amores,
1147 3382 1201 3462 qui
1218 3389 1296 3442 sunt
1312 3399 1445 3443 amores

325 3471 502 3535 infernales
516 3494 523 3548 ;
539 3482 573 3535 et
587 3475 663 3555 quia
675 3474 795 3537 dicitur
809 3480 828 3507 ‘⁴
837 3494 881 3537 ne
892 3474 1030 3538 videant
1043 3474 1204 3555 pudorem
1213 3474 1227 3498 ”
1238 3474 1445 3555 significatur

326 3588 368 3629 ne
387 3566 434 3629 illi
452 3577 657 3648 appareant;
681 3569 770 3651 quod
790 3589 849 3651 per
866 3569 1082 3632 “nuditatem
1092 3567 1106 3592 ’¹
1123 3567 1329 3649 significetur
1346 3568 1444 3649 igno·

321 3662 435 3724 *tantia
460 3662 539 3735 veri,
566 3672 601 3724 et
629 3682 688 3743 per
715 3664 906 3744 “pudorem
933 3663 1095 3725 nuditatis
1103 3661 1118 3686 ”
1143 3682 1238 3725 amor
1263 3662 1443 3737 infernalis,

326 3756 480 3818 videatur
498 3774 596 3836 supra
621 3755 667 3836 (n.
687 3756 775 3839 213).
821 3756 916 3820 Haec
936 3754 1123 3820 dictasunt
1142 3755 1206 3818 illis
1225 3758 1280 3837 qui
1303 3777 1322 3819 e
1345 3756 1444 3819 Nova

326 3850 463 3914 Domini
482 3848 637 3914 Ecclesia
654 3862 763 3925 erunt,
780 3860 816 3914 ut
835 3852 967 3915 discant
984 3872 1064 3914 vera
1082 3861 1116 3914 et
1135 3861 1297 3913 maneant
1315 3852 1349 3913 in
1367 3850 1441 3926 illis,

326 3945 483 4026 quoniam
506 3945 633 4027 absque
651 3946 738 4007 veris
761 3965 829 4008 non
853 3954 1068 4008 removentur
1086 3945 1174 4007 mala
1197 3944 1262 4007 illis
1285 3955 1441 4019 connata,

326 4058 411 4119 quae
434 4048 512 4101 sunt
535 4058 667 4101 amores
689 4039 877 4102 infernales.
923 4039 1038 4102 Homo
1056 4039 1190 4122 quidem
1213 4040 1339 4121 absque
1357 4040 1444 4103 veris

326 4140 441 4214 potest
464 4134 575 4195 vivere
602 4133 687 4196 sicut
714 4132 933 4206 Christianus,
956 4143 993 4195 at
1019 4152 1132 4196 coram
1158 4133 1359 4208 hominibus,
1383 4135 1443 4197 sed

326 4246 393 4290 non
413 4246 526 4290 coram
545 4226 693 4307 angelis:
718 4248 798 4291 vera
813 4248 899 4311 quae
914 4228 1057 4301 discent,
1074 4237 1153 4291 sunt
1171 4227 1215 4289 de
1233 4225 1392 4304 Domino,
1407 4238 1443 4291 et

325 4320 368 4383 de
386 4321 575 4402 praeceptis
594 4322 777 4384 secundum
797 4341 882 4405 quae
901 4323 1026 4385 vivent.

384 4428 481 4498 707.
505 4427 592 4495 [Vers.
608 4426 660 4493 ro]
686 4416 960 4500 “Etennpreqnuii
971 4417 1039 4480 illoc
1052 4417 1083 4479 in
1096 4418 1195 4480 laeum
1207 4418 1318 4480 dietum
1328 4417 1444 4480 licim-

319 4504 373 4567 ‘r'ao
393 4504 640 4587 Armuqeddonl'
654 4506 821 4587 significat
843 4517 971 4570 statum
988 4517 1123 4588 pugnae
1143 4527 1186 4569 eu
1197 4506 1311 4587 salsis
1327 4516 1443 4569 contra

321 4618 414 4674 vera,
429 4608 462 4662 et
478 4599 624 4668 antimum
642 4600 836 4663 destruendi
854 4600 986 4663 Nouam
1003 4600 1194 4676 Ecclesiam,
1210 4601 1385 4664 oriundum
1400 4621 1443 4663 ex
