3384 5400
333 652 397 734 788
653 664 902 717 arocnursus
926 667 1137 719 navemus.

747 872 944 923 EXPLICA
956 874 1041 924 TIO.

390 1019 491 1103 876,
516 1027 603 1096 [νινε.
618 1025 655 1093 ι.]
680 1016 745 1080 ‘ft
766 1016 825 1081 vidi
840 1016 964 1080 carlum
984 1038 1091 1083 norum
1111 1025 1145 1083 ot
1167 1020 1295 1085 rernm
1313 1024 1456 1097 nurum,''

330 1110 499 1194 significat
528 1109 620 1193 quod
644 1130 666 1173 a
695 1107 837 1173 Domino
864 1130 983 1175 nouum
1008 1110 1144 1177 Caelum
1173 1134 1217 1177 ex
1247 1113 1455 1180 Christr'anis

320 1206 512 1287 formatum
540 1204 596 1278 sit,
627 1204 718 1285 quod
742 1203 839 1267 hodie
870 1215 1008 1269 uocatur
1039 1205 1177 1272 Caelum
1209 1206 1453 1285 Christianum,

329 1299 389 1364 ubi
414 1310 493 1379 sunt
521 1298 582 1381 qui
608 1296 788 1363 Dominum
809 1298 987 1375 coluerant,
1010 1310 1043 1365 et
1071 1302 1249 1366 secundum
1274 1313 1455 1385 praecepta

328 1394 444 1477 Ipsius
459 1395 496 1458 in
522 1393 628 1457 Verbo
644 1392 812 1468 vixerant,
832 1393 951 1475 quibvs
970 1394 1047 1459 inde
1062 1406 1114 1459 est
1130 1397 1280 1461 chan'tas
1298 1408 1331 1461 et
1337 1398 1431 1481 fides
1438 1422 1454 1475 ,·

327 1490 448 1572 inquo
473 1487 571 1554 Caelo
591 1488 694 1552 etiam
717 1496 797 1551 sunt
820 1508 931 1551 omnes
957 1488 1103 1569 infantes
1129 1489 1454 1556 Christianorum.-

329 1584 391 1647 Per
411 1583 580 1648 “Caelum
598 1582 748 1646 novum”
766 1593 802 1646 et
825 1602 885 1665 per
906 1582 1075 1649 “Terram
1091 1586 1248 1661 novam,''.
1262 1606 1331 1650 non
1350 1588 1450 1651 intel-

330 1678 445 1760 ligitur
463 1678 594 1743 caelum
614 1676 768 1740 naturale
786 1696 901 1740 coram
921 1678 1027 1741 oculis
1045 1678 1262 1761 aspet‘tabile,
1280 1702 1342 1746 nec
1362 1694 1452 1746 terra

328 1772 488 1836 naturalis
518 1772 562 1835 ab
590 1772 782 1835 hominibus
804 1771 969 1847 habitata,
993 1774 1052 1837 sed
1083 1774 1283 1857 intelligitur
1309 1775 1451 1841 Caelum

327 1868 500 1949 spirituale
522 1877 557 1931 et
576 1865 682 1930 Terra
704 1866 792 1928 illius
810 1865 915 1941 Caeli,
935 1867 991 1931 ubi
1013 1878 1095 1932 sunt
1113 1870 1248 1951 angeli;
1272 1872 1362 1954 quod
1384 1873 1451 1937 hoc

327 1962 468 2027 Caelum
487 1970 522 2025 et
545 1960 641 2042 hujus
660 1958 753 2024 Caeli
773 1959 880 2025 Terra
902 1961 1121 2045 intelligatur,
1140 1966 1280 2047 quisque
1297 1967 1390 2030 videt
1415 1977 1450 2030 et

328 2056 496 2138 agnoscit,
515 2056 544 2119 si
566 2055 669 2119 modo
691 2054 902 2137 aliquantum
921 2056 1043 2121 abduci
1066 2067 1181 2139 potest
1205 2058 1248 2121 ab
1269 2060 1345 2123 idea
1368 2079 1450 2141 pure

328 2151 473 2214 naturali
503 2161 538 2214 et
568 2150 744 2223 materiali,
768 2168 845 2212 cum
870 2148 953 2231 legit
977 2150 1139 2215 Verbum.
1184 2150 1285 2233 Quod
1309 2152 1449 2217 Caelum

328 2246 520 2327 angelicum
538 2243 758 2325 intelligatur,
778 2252 887 2327 patet,
908 2246 984 2327 quia
1007 2246 1040 2307 in
1063 2266 1161 2309 versu
1184 2266 1266 2309 mox
1285 2260 1449 2331 sequente

326 2342 458 2415 dicitur,
481 2339 573 2423 quod
598 2340 720 2403 viderit
744 2340 890 2403 “urbem
913 2337 1067 2404 sandtam
1092 2340 1366 2423 Hierosolymam
1388 2344 1448 2407 de·

324 2435 546 2499 scendentem
560 2455 580 2498 a
596 2434 671 2497 Deo
683 2454 702 2497 e
715 2432 830 2507 Caelo,
844 2442 998 2515 paratam
1011 2436 1097 2498 sicut
1110 2433 1278 2516 Sponsam
1291 2446 1446 2501 ornatam

326 2529 452 2594 Marito
470 2528 559 2605 suo,”
574 2548 634 2611 per
652 2547 752 2611 quam
771 2546 838 2591 non
858 2527 1059 2609 intelligitur
1077 2528 1188 2611 aliqua
1208 2528 1448 2611 Hierosolyma

324 2626 546 2700 descendens,
575 2623 635 2685 sed
665 2622 839 2701 Ecclesia;
874 2633 908 2686 et
937 2622 1093 2687 Ecclesia
1119 2623 1151 2685 in
1179 2624 1277 2687 terris
1304 2625 1445 2689 descen-

325 2721 376 2784 dit
391 2741 411 2784 a
424 2719 572 2782 Domino
588 2738 606 2780 e
619 2716 725 2782 Caelo
740 2717 908 2799 angelico,
921 2719 998 2800 quia
1010 2717 1123 2800 angeli
1136 2716 1229 2782 Caeli
1241 2727 1276 2782 et
1293 2717 1447 2784 homines

324 2815 455 2878 telluris
471 2815 503 2875 in
520 2813 675 2876 omnibus
689 2811 865 2874 Ecclesiae
877 2831 978 2875 unum
991 2811 1117 2876 iaciunt
1133 2811 1179 2894 (n.
1191 2813 1281 2896 626).
1326 2813 1383 2876 Ex
1396 2814 1446 2878 his

323 2909 428 2972 videri
458 2916 585 2990 potest,
608 2925 707 2989 quam
733 2905 930 2969 naturaliter
960 2916 995 2970 et
1026 2906 1247 2970 materialiter
1270 2909 1444 2990 cogitave-

323 3011 401 3064 runt
424 3009 460 3064 et
482 3001 648 3080 cogitant,
672 3001 727 3082 qui
754 3020 799 3064 ex
828 3001 880 3064 his
903 3002 1013 3066 verbis
1036 3011 1071 3065 et
1102 3022 1146 3065 ex
1170 3003 1388 3084 sequentibus
1411 3005 1444 3067 in

322 3095 387 3158 hoc
411 3115 508 3159 versu
534 3095 596 3156 sibi
622 3094 793 3158 finxerunt
818 3095 1050 3176 dogmaticum
1081 3096 1124 3160 de
1153 3095 1291 3159 interitu
1317 3098 1443 3174 mundi,

322 3199 359 3253 et
389 3189 432 3253 de
463 3209 552 3253 nova
574 3191 745 3252 creatione
768 3191 928 3252 omnium.
974 3189 1026 3254 De
1048 3191 1113 3254 hoc
1137 3189 1242 3254 Caelo
1266 3191 1367 3255 Novo
1388 3212 1444 3256 ac·

322 3294 396 3348 tum
418 3293 472 3348 est
496 3303 596 3365 supra
617 3283 795 3365 aliquoties
820 3285 854 3346 in
877 3284 1085 3366 Apocalypsi
1107 3283 1283 3367 (imprimis
1310 3286 1342 3348 in
1370 3305 1442 3368 cap.

323 3379 392 3441 xiv.
416 3388 451 3441 et
474 3377 559 3460 xv).
604 3377 758 3441 Vocatur
780 3377 919 3442 Caelum
943 3377 1182 3451 Christianum,
1204 3381 1280 3461 quia
1304 3380 1442 3444 distinc-

322 3484 395 3537 tum
415 3481 468 3536 est
486 3493 507 3536 a
525 3471 636 3536 Caelis
654 3473 811 3555 antiquis,
828 3474 883 3556 qui
902 3473 945 3536 ab
960 3473 1151 3536 hominibus
1170 3471 1345 3538 Ecclesiae
1363 3485 1443 3538 ante

322 3567 522 3631 Adventum
557 3567 693 3629 Domini
730 3568 947 3631 exstiterunt.
994 3567 1040 3630 Hi
1075 3567 1204 3650 antiqui
1238 3565 1331 3630 Caeli
1364 3579 1441 3632 sunt

322 3682 422 3744 supra
437 3660 577 3725 Caelum
594 3660 842 3738 Christianum
867 3661 959 3726 Caeli
975 3663 1064 3725 enim
1081 3671 1159 3726 sunt
1176 3663 1261 3726 sicut
1277 3681 1440 3744 expansa,

321 3778 424 3821 unum
466 3777 566 3838 supra
598 3755 761 3820 alterum:
805 3757 957 3820 similiter
998 3759 1244 3839 unumquodvis
1279 3755 1439 3834 Caelum;

321 3851 568 3934 unumquodvis
584 3852 672 3913 enim
689 3849 829 3914 Caelum
849 3870 960 3932 perse
976 3850 1194 3932 distinguitur
1213 3851 1245 3914 in
1265 3861 1335 3914 tres
1355 3852 1440 3917 Cae·

322 3946 384 4021 los,
408 3947 561 4009 intimum
589 3966 646 4008 seu
674 3945 822 4019 tertium,
847 3943 993 4008 medium
1023 3965 1081 4009 seu
1108 3945 1302 4018 secundum,
1327 3967 1366 4010 ac
1394 3947 1441 4009 in-

321 4039 434 4104 fimum
459 4061 517 4104 seu
544 4041 709 4123 primum3
747 4039 901 4102 similiter
931 4039 995 4102 hoc
1023 4059 1147 4102 novum
1175 4039 1336 4118 Caelum3
1375 4041 1439 4104 vidi

320 4134 398 4199 illos
415 4145 451 4200 et
475 4135 607 4199 locutus
626 4153 699 4198 sum
723 4152 798 4197 cum
821 4133 895 4196 illis.
941 4133 980 4196 ln
1003 4154 1093 4197 novo
1114 4134 1180 4198 hoc
1200 4133 1304 4199 Cael'o
1327 4135 1438 4200 Chris·

321 4231 417 4294 tiano
452 4240 531 4294 sunt
567 4249 685 4292 omnes
718 4229 773 4310 qui
805 4228 849 4290 ab
884 4226 1059 4291 Ecclesiae
1092 4227 1302 4293 Christianae
1335 4233 1439 4312 prima

320 4325 564 4388 instauratione
587 4323 762 4386 coluerunt
790 4322 984 4398 Dominum,
1009 4333 1043 4386 et
1071 4325 1229 4387 vixerunt
1256 4325 1437 4387 secundum

321 4429 504 4503 praecepta
521 4419 629 4501 Ipsius
647 4419 681 4481 in
700 4417 827 4492 Verbo,
848 4429 882 4480 et
902 4419 979 4481 inde
998 4419 1053 4500 qui
1072 4438 1092 4481 a
1112 4417 1258 4482 Domino
1277 4437 1336 4500 per
1356 4418 1438 4481 Ver·

321 4513 401 4576 bum
425 4513 458 4576 in
480 4513 645 4577 charitate
664 4523 698 4576 et
718 4512 815 4578 simul
834 4511 901 4575 fide
919 4511 1061 4587 suerunt,
1082 4513 1130 4576 ita
1153 4513 1295 4596 quinon
1318 4513 1352 4575 in
1376 4511 1437 4575 fide

322 4618 456 4671 mortua
482 4607 541 4670 sed
568 4608 601 4671 in
627 4606 694 4670 fide
715 4608 801 4670 viva.
847 4607 899 4670 De
925 4607 990 4671 hoc
1018 4605 1122 4670 Caelo
1145 4605 1324 4671 videantur
1349 4608 1437 4672 varia
