3384 5400
491 751 571 802 cnr.
588 751 676 811 xxu,
694 752 797 802 vnns.
817 752 944 801 11.-n'.
961 740 1031 820 897.
1258 739 1318 819 805

203 920 295 986 Caeli
318 923 350 984 in
373 920 517 985 vallibus
540 920 628 985 inter
650 920 756 985 colles
779 930 813 985 et
838 931 993 999 montes;
1026 942 1129 1005 quare
1148 942 1224 985 cum
1247 923 1320 1006 quis

202 1018 234 1081 in
253 1018 370 1099 spiritu
389 1016 535 1080 aufertur
552 1018 585 1079 in
605 1027 767 1091 montem,
787 1016 996 1098 significatur
1018 1018 1050 1079 in
1075 1018 1212 1080 tertium
1233 1016 1319 1081 Cae·

201 1112 289 1175 lum:
324 1112 407 1175 haec
430 1112 559 1175 ablatio
581 1110 619 1174 fit
642 1121 827 1187 momento,
851 1113 928 1195 quia
950 1110 988 1176 fit
1015 1132 1075 1194 per
1097 1113 1320 1176 mutationem

201 1216 310 1271 status
328 1208 472 1269 mentis:
502 1226 561 1288 per
580 1207 760 1270 “ostendit
783 1206 886 1270 mibi”
905 1205 1112 1289 significatur
1129 1208 1219 1269 visus
1239 1216 1320 1271 tunc

201 1312 346 1384 apertus,
371 1310 406 1364 et
433 1301 683 1379 manifestatio;
714 1321 773 1383 per
796 1302 941 1365 “urbem
968 1320 1138 1383 magnam,
1166 1298 1320 1365 sandiam

202 1395 488 1476 Hierosolymam,
507 1396 773 1459 descendentem
789 1416 808 1458 e
826 1394 932 1459 Caelo
954 1416 974 1459 a
998 1396 1073 1459 Deo
1081 1395 1096 1421 '⁹
1114 1396 1321 1477 significatur

203 1489 300 1553 Nova
320 1490 456 1554 Domini
477 1489 643 1565 Ecclesia,
662 1499 698 1552 ut
717 1510 817 1572 supra
837 1489 884 1571 (n.
904 1492 975 1571 879,
996 1486 1120 1572 88ol¹¹);
1144 1491 1198 1553 ubi
1216 1492 1320 1555 etiam

202 1584 411 1667 explicatum
432 1596 497 1658 est,
517 1584 606 1647 unde
628 1596 682 1648 est
704 1584 794 1667 quod
817 1586 948 1648 dicatur
972 1581 1149 1659 “sanita''
1172 1595 1207 1650 et
1230 1588 1320 1668 quod

203 1680 332 1742 dicatur
346 1684 365 1710 ‘⁶
374 1679 585 1742 descendens
600 1699 620 1741 e
632 1677 737 1741 Caelo
752 1700 774 1741 a
789 1679 864 1743 Deo
876 1680 901 1757 ;”
923 1680 1014 1761 quod
1026 1680 1097 1741 visa
1110 1680 1153 1743 sit
1169 1680 1201 1742 in
1214 1681 1321 1744 forma

203 1774 300 1849 urbis,
324 1784 377 1836 est
400 1773 477 1856 quia
501 1771 631 1836 “urbs'’
653 1772 821 1854 significat
844 1772 1033 1836 dostrinam
1063 1772 1109 1856 (n.
1138 1790 1205 1854 194,
1229 1775 1319 1857 712),

202 1877 236 1930 et
259 1867 414 1931 Ecclesia
434 1877 487 1931 est
509 1866 665 1930 Ecclesia
683 1888 728 1930 ex
752 1865 905 1931 doiirina
923 1878 959 1931 et
982 1888 1027 1931 ex
1045 1871 1117 1931 vita
1135 1869 1320 1933 secundum

202 1962 315 2039 illam;
349 1962 420 2024 visa
435 1963 538 2026 etiam
558 1972 611 2025 est
634 1972 672 2025 ut
695 1962 783 2036 urbs,
803 1972 840 2025 ut
864 1962 1073 2026 describatur
1090 1964 1200 2046 quoad
1220 1982 1320 2027 omne

202 2056 301 2140 quale
330 2056 411 2137 ejus,
441 2066 477 2121 et
506 2057 572 2120 hoc
604 2057 803 2120 describitur
832 2076 891 2138 per
921 2057 991 2138 ejus
1021 2075 1161 2131 murum,
1193 2069 1319 2140 portas,

201 2150 433 2226 fundamenta,
452 2160 487 2215 et
510 2172 570 2233 per
587 2152 696 2214 varias
715 2171 898 2214 mensuras.
944 2150 1103 2214 Similiter
1121 2151 1321 2216 describitur

201 2246 357 2309 Ecclesia
387 2247 476 2329 apud
505 2245 717 2322 Ezechielem,
745 2245 800 2309 ubi
830 2247 933 2309 etiam
963 2246 1094 2321 dicitur,
1118 2245 1208 2329 quod
1240 2246 1319 2309 Pro·

202 2341 307 2422 pheta

252 2483 284 2534 ln
297 2484 446 2534 visionibus
464 2483 514 2533 Del
525 2480 656 2533 deduilur
673 2484 708 2533 sit
725 2498 806 2547 super
822 2494 943 2533 montem
960 2484 1043 2533 altum
1062 2482 1147 2543 valde,
1161 2479 1211 2549 [et]
1225 2483 1321 2533 viderit

335 2550 435 2599 Urbem
447 2564 464 2598 a
475 2550 595 2608 meridie,
608 2564 687 2613 quam
700 2550 812 2613 angelus
824 2550 903 2599 etiam
917 2551 1004 2613 quoad
1019 2564 1124 2599 murum
1137 2560 1163 2599 et
1180 2560 1280 2613 portas,
1294 2560 1321 2601 et

332 2614 421 2679 quoad
432 2615 586 2665 latitudines
598 2624 626 2664 et
636 2614 798 2673 altitudines,
813 2628 924 2664 mensim
936 2624 978 2664 est
988 2616 1056 2679 (cap.
1067 2616 1103 2665 xl.
1115 2628 1139 2676 a,
1153 2615 1230 2679 seq.).

200 2767 318 2833 Simile
337 2766 537 2849 intelligitur
556 2788 615 2849 per
632 2767 716 2831 haec
735 2767 824 2850 apud
844 2766 1069 2832 Sacharram:

253 2925 271 2946 ‘¹
280 2921 342 2972 Dixi
352 2922 466 2986 Angelo,
477 2921 538 2986 Quo
544 2931 574 2972 tu
582 2923 672 2986 pergis
681 2937 688 2982 ;
699 2922 775 2981 dixit,
785 2922 829 2972 Ad
837 2922 1002 2972 metiendum
1012 2921 1238 2987 Hierosolymam,
1248 2933 1277 2974 ut
1284 2925 1322 2974 vl·

331 2988 409 3037 deam
422 2999 523 3052 quanta
533 2988 645 3037 latitudo
662 2985 730 3051 ejus,
744 2997 771 3037 et
788 2997 889 3052 quanta
900 2987 1040 3050 longitudo
1058 2987 1138 3052 ejus’'
1148 2990 1184 3052 (ii.
1198 2991 1214 3038 6
1228 2987 1272 3055 [B.
1284 2992 1320 3041 A.

333 3051 381 3117 21).

262 3193 361 3277 897.
387 3204 472 3272 [Vm.
488 3203 541 3270 rr]
566 3194 758 3256 ‘domamur
769 3193 901 3276 glorium
922 3193 996 3268 Deir
1026 3199 1061 3258 ot
1078 3194 1179 3258 lumen
1193 3193 1261 3276 elue
1279 3195 1324 3259 ei·

200 3283 272 3346 milo
293 3283 386 3366 lapidi
401 3283 633 3364 protiosissimo,
656 3290 799 3366 tunquam
823 3283 917 3364 lapidi
930 3283 1047 3366 jaspidi
1062 3285 1164 3348 laetor·
1184 3285 1328 3367 crystalli

200 3373 408 3455 splendenti?
436 3373 603 3455 significat
632 3375 722 3455 quod
745 3374 782 3436 in
810 3373 874 3437 illa
901 3373 1051 3437 Ecclesia
1078 3375 1146 3438 erit
1181 3373 1322 3438 Verbum

201 3465 410 3542 intelleilum,
439 3465 518 3547 quia
550 3465 754 3529 translucens
787 3487 829 3528 ex
861 3465 967 3530 Seusu
998 3466 1175 3547 spirituali
1202 3468 1324 3550 ejus.-

202 3561 267 3624 Per
282 3560 454 3642 “gloriam
474 3559 562 3622 Dei”
577 3559 785 3641 significatur
801 3559 953 3623 Verbum
972 3561 1005 3622 in
1021 3581 1080 3623 sua
1100 3561 1221 3624 Divina
1238 3560 1322 3637 luce,

202 3656 244 3720 de
276 3675 342 3738 qua
365 3655 534 3737 sequitur;
569 3675 628 3737 per
652 3654 794 3718 “lumen
817 3655 910 3737 ejus”
933 3653 1139 3737 significatur
1162 3655 1321 3719 Divinum

202 3749 332 3814 Verum
355 3749 410 3825 ibi,
434 3748 499 3812 hoc
522 3749 610 3812 enim
634 3747 834 3831 intelligitur
857 3770 916 3831 per
939 3748 1047 3812 lucem
1078 3751 1111 3812 in
1135 3748 1251 3813 Verbo
1276 3749 1322 3832 (n.

204 3850 278 3932 796,
295 3847 393 3930 799);
417 3867 476 3930 per
484 3844 629 3907 ·“simile
645 3843 748 3927 lapidi
767 3844 1020 3927 pretiosissimo,
1039 3853 1201 3924 tanquam
1223 3844 1324 3926 lapidi

202 3943 325 4026 jaspidi
344 3944 450 4006 instar
468 3938 620 4022 crystalli
638 3937 854 4021 splendenti’'
873 3935 1080 4019 significatur
1099 3936 1131 3999 id
1152 3937 1270 4000 lucens
1290 3949 1325 4002 et

203 4037 417 4103 translucens
436 4057 480 4100 ex
500 4032 785 4116 Sensuspirituali
802 4031 882 4114 ejus,
899 4032 1025 4112 dequo
1043 4031 1145 4093 etiam
1165 4029 1323 4110 sequitur.

205 4133 266 4198 Per
289 4130 348 4194 illa
369 4130 473 4193 verba
495 4128 694 4192 describitur
716 4124 909 4191 intellthus
931 4125 1037 4188 Verbi
1060 4122 1147 4205 apud
1171 4122 1246 4185 illos
1269 4121 1324 4204 qui
1435 4209 1439 4218 ι

204 4229 235 4290 in
267 4223 422 4289 dodirina
452 4224 571 4287 Novae
606 4221 876 4302 Hierosolymae,
907 4231 942 4284 et
975 4222 1008 4282 in
1038 4219 1109 4281 vita
1141 4217 1324 4280 seeundum

204 4323 299 4385 illam
321 4328 411 4382 sunt.
455 4317 559 4400 Apud
589 4317 652 4380 hos
675 4316 827 4380 Verbum
850 4315 945 4398 quasi
968 4313 1059 4377 lucet
1082 4332 1158 4375 cum
1182 4310 1324 4392 legitur;

205 4416 297 4481 lucet
320 4435 341 4476 a
362 4413 513 4476 Domino
534 4412 647 4476 medio
665 4409 773 4476 Sensu
791 4407 965 4492 spirituali,
985 4408 1062 4491 quia
1085 4406 1250 4469 Dominus
1272 4414 1326 4467 est

206 4509 369 4582 Verbum,
389 4517 424 4570 et
447 4504 572 4569 Sensus
595 4504 775 4587 spiritualis
797 4512 850 4566 est
873 4503 906 4565 in
930 4501 1003 4566 luce
1027 4499 1120 4564 Caeli
1143 4521 1227 4583 quae
1251 4520 1327 4582 pro·

208 4604 297 4668 cedit
316 4621 337 4664 a
356 4601 506 4665 Domino
524 4608 561 4663 ut
580 4597 681 4676 Sole;
704 4609 740 4662 et
759 4597 836 4662 Lux
855 4615 941 4679 quae
960 4597 1113 4678 procedit
1136 4614 1156 4657 a
1179 4594 1327 4657 Domino

207 4709 241 4762 ut
257 4695 340 4763 Sole
356 4705 409 4760 est
424 4696 458 4758 in
473 4715 534 4758 sua
548 4695 696 4758 essentia
711 4692 870 4756 Divinum
884 4690 1011 4754 Verum
1028 4691 1171 4754 Divinae
1187 4688 1327 4771 Sapien-
