3384 5400
362 653 424 735 580
679 667 928 732 nnocnuvssts
949 671 1161 724 navatam.

359 833 477 904 sapiens
494 834 612 890 locutus
625 835 709 898 dixit,
723 837 825 892 “Audi
840 837 895 892 mi·
944 853 1051 910 negare
1076 847 1176 909 potest
1197 839 1269 911 quin
1296 839 1414 914 Religio
1438 843 1477 899 sit

359 915 582 970 rabilez-Dum
602 917 790 979 subsidimus,
804 933 895 988 appa·
944 916 1047 989 fugere
1060 919 1169 974 malum
1185 930 1216 975 et
1235 920 1330 976 iacere
1348 923 1476 987 bonum,

359 995 418 1048 ruit
443 995 529 1051 nobis
554 997 638 1051 locus
663 998 791 1067 primum
817 999 895 1052 sicut
944 1015 1014 1052 num
1025 1010 1071 1054 εει
1083 1000 1182 1070 aliqua
1195 1000 1313 1073 Religio
1326 1003 1376 1057 ubi
1387 1004 1476 1059 doce·

358 1086 505 1147 stagnum,
516 1077 568 1131 sed
580 1093 650 1132 mon
659 1077 735 1132 sicut
749 1088 827 1132 terra
838 1079 894 1132 sic·
943 1080 1080 1148 turquod
1091 1081 1154 1134 sola
1166 1079 1254 1136 Fides
1263 1082 1366 1146 salvet,
1375 1095 1406 1138 et
1415 1101 1476 1139 non

358 1171 400 1219 ca,
414 1167 445 1211 ει
462 1169 566 1228 postea
577 1158 655 1212 sicut
669 1173 759 1228 parva
770 1160 849 1220 urbs,
864 1159 893 1212 in
943 1157 1095 1222 Charitas;
1122 1177 1194 1214 num
1216 1171 1262 1217 est
1286 1162 1405 1235 Religio
1425 1166 1476 1219 ubi

357 1252 417 1306 qua
437 1240 531 1294 cuivis
552 1239 610 1294 fuit
630 1255 684 1294 sua
703 1241 819 1302 domus,
840 1241 893 1294 sed
942 1239 1156 1310 doceturquod
1167 1240 1304 1298 Charitas
1312 1246 1476 1313 procedens

358 1319 433 1374 vilia
472 1319 545 1375 Post
559 1321 638 1375 diem
658 1320 893 1379 consultavimus
940 1320 979 1372 ab
1004 1319 1125 1375 bomine
1150 1337 1211 1375 non
1240 1323 1279 1377 sit
1303 1323 1360 1378 nisi
1385 1341 1475 1395 quam

359 1399 770 1471 internosquidlaciendum.
802 1400 892 1458 Dixe·
942 1399 1078 1456 Charitas
1091 1403 1212 1458 moralis
1229 1414 1260 1458 et
1278 1404 1387 1467 civilis;
1408 1407 1476 1477 quis

358 1491 428 1536 runt
450 1482 544 1542 multi,
565 1483 646 1553 quod
668 1481 891 1552 duoEpiscopi
941 1497 1001 1534 non
1017 1481 1100 1536 videt
1118 1485 1199 1553 quod
1221 1484 1249 1538 in
1269 1501 1304 1539 ea
1322 1484 1476 1543 Charitate

357 1563 486 1618 adeundi
507 1563 575 1626 sint,
594 1579 629 1617 ac
648 1563 720 1618 mite
738 1563 891 1634 arguendi,
941 1561 1058 1615 nonsit
1076 1563 1188 1634 aliquid
1206 1562 1384 1636 Religionis:
1402 1583 1474 1621 num

357 1644 429 1714 quia
450 1643 491 1696 illi
512 1644 689 1698 remiserunt
708 1643 840 1697 chartam
861 1643 890 1696 in
941 1651 987 1695 est
1001 1642 1030 1695 in
1043 1643 1107 1697 sola
1118 1643 1192 1698 Fide
1202 1645 1314 1716 aliquid
1329 1645 1410 1701 Facti
1421 1663 1473 1702 scu

358 1722 489 1784 Caelum,
512 1739 529 1778 e
550 1739 611 1795 quo
633 1724 762 1778 demissa
784 1735 837 1785 est,
861 1733 892 1778 et
940 1721 1055 1791 Operis,
1068 1734 1099 1777 et
1114 1734 1216 1779 tamen
1234 1725 1263 1780 in
1281 1725 1390 1782 Facere
1402 1743 1475 1782 con-

358 1813 480 1874 propter
505 1805 535 1858 id
560 1804 687 1875 contigit
706 1804 798 1858 nobis
823 1805 890 1859 hoc
939 1802 1018 1856 sistit
1028 1803 1153 1875 Religio.
1182 1805 1262 1861 Num
1271 1807 1397 1862 daturin
1407 1810 1474 1863 uni-

358 1885 520 1956 Elegerunt
531 1885 655 1956 aliquos,
669 1885 719 1955 qni
734 1883 891 1939 abiverunt
939 1899 1025 1938 verso
1043 1894 1189 1941 terrarum
1207 1888 1280 1942 orbe
1297 1904 1379 1958 gens,
1394 1889 1473 1959 apud

271 1995 276 2006 ·
356 1967 394 2021 ad
414 1966 602 2037 Episcopos”
616 1969 659 2036 (et
678 1965 754 2020 dixit
771 1982 889 2021 mecum
938 1979 1028 2033 quam
1041 1964 1166 2036 Religio,
1177 1983 1254 2036 quae
1264 1967 1397 2023 excludit
1409 1986 1474 2024 om·

356 2048 481 2118 loquens
503 2047 584 2117 quod
608 2057 688 2102 esset
711 2063 788 2112 unus
814 2047 891 2101 inter
940 2061 977 2097 ne
990 2045 1154 2100 salvificum
1167 2063 1185 2101 a
1200 2049 1288 2102 bonis
1304 2047 1473 2114 Charitatis,

357 2129 443 2196 illos),
458 2137 511 2184 “ct
523 2140 596 2184 tunc
609 2129 730 2198 quidam
745 2128 891 2182 internos
939 2140 1015 2194 quae
1032 2136 1103 2180 sunt
1118 2127 1196 2182 bona
1209 2127 1322 2198 Opera:
1340 2146 1409 2184 cum
1428 2142 1473 2185 ta-

355 2210 500 2280 sapientia
513 2210 699 2280 praepollens
712 2209 891 2279 loquebatur
939 2222 1007 2260 men
1032 2222 1122 2262 omne
1148 2207 1313 2279 Religionis
1334 2211 1472 2266 consistit

355 2291 393 2345 ad
410 2291 580 2360 Episcopos,
596 2289 637 2345 ita
645 2306 688 2344 ι-
939 2286 968 2341 in
991 2289 1079 2350 bono,
1101 2299 1133 2342 ει
1154 2305 1244 2346 omne
1270 2289 1420 2346 Ecclesiae
1442 2293 1472 2348 in

402 2371 624 2433 “⁴Audite,vos
639 2370 750 2432 Patres,
763 2369 889 2424 credidi·
938 2366 1074 2424 doctrina
1098 2386 1174 2441 quae
1199 2371 1320 2426 docebit
1339 2388 1418 2434 vera,
1439 2383 1470 2428 ει

314 2515 317 2522 ¹
355 2469 421 2507 mus
434 2453 514 2523 quod
526 2452 605 2522 apud
619 2467 674 2506 nos
687 2467 757 2521 prae
768 2451 889 2521 reliquis
938 2465 990 2518 per
1002 2466 1072 2504 vera
1084 2451 1205 2506 bonum.
1242 2451 1350 2507 Videte
1364 2463 1469 2522 patres,

354 2543 432 2589 esset
468 2532 607 2594 Ecclesia,
638 2548 714 2603 quae
746 2532 776 2586 in
808 2530 888 2586 Orbe
937 2531 1119 2600 quaegloria
1132 2532 1219 2588 nobis
1231 2531 1316 2594 foret,
1330 2533 1354 2587 si
1370 2531 1471 2589 Eccle-

354 2613 526 2669 Christiano
539 2623 701 2667 mereretur
710 2613 809 2666 vocari
824 2611 888 2666 Pri·
936 2611 980 2664 sia
988 2627 1065 2680 quae
1078 2629 1137 2666 non
1151 2622 1204 2675 est,
1218 2621 1248 2666 et
1262 2612 1381 2684 Religio
1393 2630 1470 2685 quae

354 2712 426 2756 mas,
444 2705 475 2750 et
496 2693 612 2765 Religio
631 2710 707 2765 quae
726 2704 889 2749 mereretur
937 2708 997 2746 non
1010 2702 1065 2755 est,
1076 2693 1155 2763 apud
1169 2710 1224 2749 nos
1238 2693 1359 2749 inchoet
1368 2706 1400 2750 et
1411 2696 1470 2751 ori·

353 2778 452 2831 vocari
474 2776 612 2846 Magnas:
641 2775 693 2831 sed
713 2776 783 2829 data
802 2775 888 2830 nobis
935 2772 1020 2827 atur!

310 2918 315 2932 Ι
353 2866 399 2912 εει
410 2856 568 2911 illustratio
581 2872 598 2910 e
611 2854 710 2915 Caelo,
721 2866 752 2910 et
763 2855 791 2909 in
806 2855 887 2911 illus·
984 2852 1092 2908 “Tunc
1102 2853 1242 2925 Episcopi
1256 2853 1295 2908 illi
1310 2856 1470 2925 responde·

353 2938 481 2993 tratione
495 2936 646 3006 perceptio
657 2936 738 3005 quod
752 2936 842 2991 hodie
857 2936 886 2990 in
936 2943 1023 2995 runt:
1032 2934 1175 3004 Loqueris
1184 2934 1273 2990 nimis
1282 2936 1356 2997 alte;
1368 2952 1468 2993 annon

353 3018 433 3073 Orbe
446 3016 617 3072 Christiano
631 3032 690 3070 non
704 3016 743 3071 sit
759 3017 887 3087 amplius
938 3014 1026 3070 Fides
1041 3013 1118 3078 adiu,
1131 3032 1208 3086 quae
1221 3026 1266 3071 est
1281 3015 1369 3071 Fides
1382 3017 1468 3087 plene

354 3098 492 3158 Ecclesia,
506 3114 561 3151 nec
573 3096 701 3167 amplius
716 3096 851 3167 Religio!
934 3096 1099 3165 justificans
1114 3108 1145 3151 et
1162 3096 1288 3158 salvans,
1301 3108 1348 3151 est
1368 3097 1468 3154 Eccle-

399 3187 415 3207 ‘⁴
424 3178 570 3233 Dixcrunt
579 3176 726 3247 Episcopi,
737 3175 831 3248 ‘Quid
842 3178 886 3232 lo-
934 3177 992 3238 sia;
1010 3187 1042 3231 et
1059 3193 1159 3231 annon
1180 3177 1268 3232 Fides
1285 3188 1373 3239 statu,
1392 3195 1468 3248 quae

351 3260 491 3330 quimini;
517 3267 600 3313 estne
621 3256 753 3312 Eoclesia
772 3258 821 3312 ubi
840 3270 887 3314 est
934 3268 981 3312 est
993 3256 1081 3312 Fides
1090 3259 1254 3326 procedens
1263 3268 1294 3312 et
1304 3258 1466 3328 perficiens,

351 3340 491 3402 Verbum,
513 3339 564 3392 ubi
587 3337 723 3393 Christus
750 3337 887 3394 Salvator
934 3349 980 3392 est
1003 3336 1135 3408 Religi0;
1167 3338 1382 3408 apprehendite
1400 3339 1467 3403 hoc,

351 3431 441 3475 notus
465 3431 519 3482 est,
545 3430 576 3474 ει
601 3420 652 3473 ubi
682 3430 753 3474 sunt
783 3418 885 3475 Sacra·
934 3418 1004 3473 filii!

351 3500 469 3555 menta!
982 3497 1063 3553 “Sed
1082 3509 1155 3553 tunc
1173 3497 1250 3552 dixit
1268 3497 1386 3569 sapiens
1405 3500 1479 3554 An·,

398 3581 471 3635 “Ad
497 3580 570 3635 haec
595 3580 749 3650 respondit
774 3590 883 3643 noster,
932 3579 1007 3650 glus,
1021 3578 1147 3633 ‘Audite
1161 3578 1279 3634 Patres:
1298 3595 1397 3635 annon
1412 3581 1466 3634 ho-

351 3660 421 3716 ‘Illa
433 3672 503 3716 sunt
518 3660 656 3722 Ecclesia,
667 3671 699 3715 ει
712 3662 762 3716 illa
771 3661 884 3717 faciunt
933 3676 983 3714 mo
1007 3659 1139 3729 concipit
1168 3659 1270 3715 Eidem
1296 3658 1363 3715 adlu
1388 3661 1466 3715 sicut

352 3743 522 3803 Ecclesiam,
536 3754 582 3797 ast
595 3758 655 3797 non
676 3742 789 3797 iaciunt
802 3742 882 3796 illam
932 3739 1038 3810 stipes;
1057 3756 1127 3793 num
1143 3740 1172 3793 in
1185 3740 1288 3810 stipite
1300 3742 1466 3811 secundum

349 3835 435 3878 extra
450 3822 610 3884 hominem,
624 3821 676 3877 sed
691 3822 768 3876 intra
786 3823 883 3877 homi·
931 3831 1060 3876 vestram
1071 3822 1167 3875 ideam
1177 3832 1250 3875 tunc
1259 3820 1410 3876 vivificato
1419 3832 1467 3877 cst

350 3902 436 3957 nem!
482 3902 520 3956 Et
542 3918 631 3973 porro
653 3903 736 3963 dixit,
760 3900 882 3973 ‘Quoad
933 3901 1079 3956 Ecclesia:
1096 3917 1196 3955 annon
1218 3900 1305 3955 Fides
1324 3912 1403 3956 statu
1420 3912 1467 3957 est

351 3972 527 4037 Eccl'esiam:
549 3992 648 4053 potest
669 3982 800 4039 Ecclesia
818 3998 882 4038 esse
931 3981 1117 4037 continuatio
1139 3992 1170 4036 et
1192 3980 1359 4052 progressio
1382 3981 1466 4038 Fidei

349 4064 399 4117 ubi
424 4064 564 4118 coluntur
588 4062 661 4117 Tres
687 4063 751 4125 Dii:
783 4072 883 4133 potest
931 4060 1013 4124 adiu:
1031 4072 1142 4116 etcum
1158 4063 1323 4117 secundum
1336 4073 1466 4117 vestram

350 4142 481 4199 Ecclesia
493 4160 566 4205 esse,
580 4144 630 4198 ubi
643 4153 709 4198 tota
721 4144 786 4213 ejus
803 4143 883 4199 Doc·
932 4144 1029 4198 ideam
1054 4159 1144 4197 omne
1168 4142 1332 4197 salvificum
1357 4153 1405 4198 εει
1435 4143 1465 4197 ίιι

347 4226 426 4279 trina
439 4224 581 4279 fundatur
592 4240 682 4293 super
693 4226 783 4279 unico
797 4224 881 4279 Pauli
933 4223 1015 4285 Fide,
1041 4233 1072 4277 et
1096 4239 1156 4277 non
1185 4223 1298 4293 aliquid
1330 4223 1360 4277 in
1385 4224 1466 4278 bono

271 4316 273 4321 ’
348 4302 511 4360 ᾱὶέιοῐιὶεε
524 4303 683 4364 intellecto.
695 4315 725 4359 et
739 4304 807 4359 inde
821 4321 881 4360 non
931 4304 1086 4358 charitatis
1109 4304 1147 4357 ab
1170 4302 1301 4367 homine,
1321 4304 1371 4358 ubi
1393 4315 1466 4359 tunc

347 4402 437 4455 super
465 4386 581 4448 Verb0;
619 4396 718 4456 potest
750 4385 883 4440 Ecclesia
931 4395 977 4440 est
992 4384 1126 4455 Religio'

346 4482 419 4527 ease,
440 4467 512 4520 dum
535 4482 595 4521 non
619 4464 755 4520 Salvator
776 4466 882 4521 Mundi
979 4462 1087 4518 “Tunc
1131 4463 1271 4518 dixerunt
1315 4462 1463 4535 Episcopi,

346 4546 452 4609 aditur,
473 4555 504 4601 et
525 4546 575 4600 ubi
598 4545 665 4616 Ipse
687 4546 830 4601 dividitur
851 4546 881 4600 in
933 4543 1061 4607 'Amice
1082 4544 1212 4615 loqueris
1238 4542 1287 4606 ita,
1310 4545 1379 4614 quia
1404 4560 1464 4599 non

346 4627 431 4683 duos.
468 4626 575 4699 Quoad
595 4626 796 4698 Religionem:
815 4626 882 4698 quis
931 4626 990 4682 scis
1001 4641 1107 4680 arcana
1118 4624 1340 4696 justificationis
1352 4642 1405 4696 per
1416 4640 1464 4681 so·
