3384 5400
526 676 605 727 cna.
622 676 712 739 xlx,
729 676 832 729 vens.
854 678 979 745 13.-u.
995 666 1066 747 825.
1294 682 1359 751 729

232 846 489 931 ,‘sanguinem”
504 846 713 929 significatur
728 847 892 913 violentia
909 847 1007 912 illata
1023 848 1147 914 Divino
1168 849 1304 913 Domini
1321 860 1357 915 et

231 942 353 1007 Verbo
371 941 420 1024 (n
441 957 512 1023 327,
530 941 631 1024 684),
654 962 757 1006 causa
775 942 866 1026 quod
885 943 948 1007 hoc
969 941 1187 1025 significetur,
1209 955 1260 1009 est
1280 947 1358 1029 quia

230 1056 294 1119 per
318 1037 570 1121 “sanguinem'’
592 1036 801 1119 significatur
824 1036 984 1103 Divinum
1007 1036 1136 1103 Verum
1162 1038 1299 1103 Domini
1322 1041 1357 1104 in

168 1122 173 1129 ’
228 1132 350 1198 Verbo
374 1134 422 1214 (n.
442 1150 513 1214 379,
531 1132 648 1215 653¹¹¹),
683 1152 786 1215 quare
814 1152 875 1215 per
905 1131 1103 1196 “effundere
1134 1133 1358 1216 sanguinem”

228 1224 443 1308 significatur
466 1226 664 1291 violentiam
690 1226 811 1291 inferre
836 1226 962 1291 Divino
988 1226 1127 1293 Domini
1156 1238 1192 1293 et
1219 1226 1356 1309 Verbo;

228 1340 294 1402 per
312 1319 496 1385 “Verbum
513 1319 600 1384 Dei”
619 1320 827 1402 significatur
844 1321 898 1385 hic
919 1320 1071 1387 Verbum
1094 1322 1128 1386 in
1152 1320 1260 1387 Sensu
1279 1323 1357 1388 lite·

227 1436 301 1491 rae,
324 1415 401 1479 huic
427 1415 519 1479 enirn
544 1424 599 1479 est
624 1414 788 1479 violentia
813 1415 920 1492 illata,
945 1435 1014 1479 non
1040 1427 1156 1481 autem
1180 1416 1297 1481 Verbo
1323 1417 1357 1481 in

227 1508 343 1575 Sensu
357 1509 532 1592 spirituali,
549 1509 627 1592 quia
642 1510 695 1573 hic
713 1508 839 1573 Sensus
856 1528 923 1573 nou
940 1509 999 1574 luit
1016 1519 1128 1585 notus,
1146 1520 1181 1575 et
1198 1510 1356 1575 siluisset

227 1616 347 1680 notus,
371 1605 476 1668 etiam
498 1603 545 1666 illi
572 1602 690 1667 fuisset
711 1602 876 1667 violentia
897 1603 1013 1682 illata3
1050 1624 1153 1686 quare
1175 1625 1245 1670 non
1266 1607 1357 1690 prius

225 1698 404 1764 revelatus
415 1708 469 1763 est
481 1697 539 1761 ille
552 1696 690 1773 Sensus,
700 1717 801 1780 quam
814 1708 996 1781 postquam
1009 1697 1179 1763 Ultimum
1190 1700 1355 1782 Judicium

226 1790 407 1878 peradtum
426 1802 490 1869 est,
509 1801 546 1856 et
564 1812 654 1856 nova
672 1791 829 1857 Ecclesia
848 1813 868 1855 a
886 1792 1035 1859 Domino
1054 1794 1263 1859 instituenda
1282 1806 1355 1873 est;

226 1907 295 1953 nec
315 1888 418 1952 hodie
435 1887 605 1952 revelatur
622 1886 734 1961 alicui,
753 1887 817 1951 nisi
834 1888 890 1969 qui
912 1889 947 1951 in
970 1887 1101 1951 Divinis
1120 1888 1220 1952 Veris
1240 1910 1261 1953 a
1284 1890 1356 1956 Do·
1469 1888 1478 1907 ⁶

226 1985 327 2049 mino
336 1992 389 2047 est
401 1980 1170 2066 (videaturDolln'naNovaeHierosolymaede
1179 1982 1358 2066 Scriptura

226 2080 352 2155 Sacra,
376 2097 408 2141 n.
432 2075 499 2160 26).
561 2075 664 2159 Quod
687 2075 811 2140 Divino
834 2076 972 2141 Domini
994 2086 1030 2140 et
1054 2076 1172 2141 Verbo
1194 2078 1357 2145 violentia

224 2173 330 2238 illata
347 2174 403 2247 sit,
423 2180 520 2255 patet
541 2170 720 2234 manifeste
742 2190 764 2233 a
785 2169 962 2251 Religioso
981 2169 1162 2235 Catholico
1185 2172 1355 2250 Romano,

225 2279 266 2333 et
291 2288 312 2331 a
335 2266 512 2348 Religioso
535 2264 810 2329 Reformatorum
833 2264 876 2328 de
899 2264 973 2327 sola
996 2264 1090 2328 Fide.
1144 2265 1356 2347 Religiosum

225 2361 414 2448 Catholico
437 2359 632 2423 Romanum
654 2358 759 2422 tradit
781 2359 873 2441 quod
901 2358 1097 2423 Humanum
1122 2359 1260 2425 Domini
1287 2382 1356 2426 non

224 2459 275 2521 sit
294 2455 464 2530 Divinum,
481 2474 584 2537 quare
602 2454 636 2516 in
652 2473 689 2516 se
705 2452 953 2517 transtulerunt
969 2456 1083 2517 omnia
1101 2454 1240 2518 Domini
1250 2477 1258 2533 ;
1283 2465 1355 2521 tum

224 2550 324 2635 quod
336 2548 491 2613 Verbum
504 2548 721 2612 solummodo
732 2547 777 2612 ab
787 2546 854 2611 illis
869 2548 1162 2632 interpretandum
1179 2550 1233 2625 sit,
1248 2570 1287 2615 ac
1303 2552 1355 2615 in·

224 2644 435 2728 terpretatio
450 2642 571 2708 abillis
586 2652 639 2706 est
656 2643 764 2708 ubivis
779 2651 900 2707 contra
916 2641 1075 2706 Divinum
1092 2641 1220 2708 Verum
1237 2644 1353 2722 Verbi,

224 2752 266 2806 ut
292 2741 327 2802 in
350 2737 593 2820 Explicatione
615 2737 738 2820 capitis
758 2738 995 2819 praecedentis
1020 2735 1154 2822 (xviii),
1179 2749 1355 2807 ostensum

223 2844 306 2911 est;
329 2833 408 2896 inde
426 2841 534 2913 patet,
554 2830 645 2913 quod
667 2831 713 2894 ab
729 2830 789 2894 illo
812 2830 989 2912 Religioso
1011 2831 1174 2896 violentia
1196 2831 1292 2898 illata
1310 2836 1355 2899 sit

223 2927 360 2992 Verbo.
391 2924 583 2989 Similitera
593 2924 770 3006 Religioso
779 2925 870 3006 apud
883 2925 1100 2990 Reformatos
1110 2927 1153 2990 de
1166 2926 1240 2991 sola
1250 2927 1353 2992 Fide:

222 3025 297 3087 lroc
316 3040 380 3084 nec
398 3020 480 3084 iacit
499 3019 696 3082 Humanum
715 3019 854 3083 Domini
873 3018 1043 3094 Divinum,
1062 3031 1098 3085 et
1117 3022 1237 3085 condit
1254 3022 1355 3086 theo·

223 3115 361 3197 logiam
386 3134 486 3196 super
512 3115 613 3177 unico
640 3111 733 3176 didio
762 3112 855 3177 Pauli
884 3112 966 3177 salse
996 3112 1184 3191 intelledto,
1212 3125 1248 3180 et
1277 3117 1355 3181 ideo

224 3210 320 3273 sicut
339 3207 433 3271 nihili
455 3207 535 3272 facit
557 3207 672 3270 omnia
689 3228 776 3290 quae
799 3207 965 3271 Dominus
984 3207 1099 3272 docuit
1119 3209 1162 3272 de
1184 3230 1300 3275 amore
1318 3220 1354 3277 et

223 3302 401 3367 charitate
419 3311 455 3364 et
473 3301 516 3364 de
538 3299 636 3363 bonis
655 3301 821 3382 operibus,
841 3321 927 3383 quae
946 3310 1064 3364 tamen
1087 3311 1159 3365 tam
1179 3304 1355 3367 exstantia

223 3405 323 3471 sunt,
343 3405 380 3458 ut
398 3396 548 3477 quisque,
569 3395 597 3457 si
616 3394 721 3458 modo
739 3396 770 3458 ei
787 3395 876 3458 oculi
897 3405 986 3471 sunt,
1007 3396 1120 3460 videre
1139 3398 1256 3478 possit.
1301 3396 1354 3461 Si·

223 3490 358 3556 militer
369 3486 493 3553 sactum
506 3498 559 3551 est
571 3507 649 3552 cum
660 3488 778 3552 Verbo
789 3509 810 3552 a
819 3489 975 3570 Judaeis:
996 3487 1206 3571 Religiosum
1219 3490 1354 3554 illorum

222 3588 303 3660 suit,
323 3583 414 3666 quod
433 3581 587 3646 Verbum
609 3602 678 3646 non
701 3603 762 3665 pro
780 3583 854 3647 aliis
877 3584 1039 3665 scripturn
1059 3593 1150 3647 esset
1169 3605 1269 3667 quam
1293 3607 1354 3667 pro

223 3680 308 3754 illis,
325 3686 362 3741 et
380 3678 427 3740 sic
443 3676 534 3758 quod
552 3695 622 3739 non
638 3676 693 3739 alii
712 3677 757 3741 ibi
774 3676 1029 3758 intelligantur3
1053 3687 1089 3741 et
1105 3678 1194 3761 quod
1211 3678 1355 3743 Messias

224 3781 395 3838 venturus
409 3771 570 3834 eveheret
587 3769 664 3833 illos
679 3791 779 3852 supra
794 3790 914 3836 omnes
930 3773 963 3834 in
980 3780 1057 3835 toto
1072 3782 1237 3835 terrarum
1252 3774 1333 3836 orbe
1346 3795 1353 3851 ;

224 3888 290 3952 per
320 3885 407 3948 quae
435 3874 472 3928 et
501 3864 595 3948 plura
624 3864 691 3928 alia
720 3864 981 3930 falsificaverunt
1011 3877 1047 3930 et
1077 3865 1354 3932 adulteraverunt

225 3961 349 4027 omnia
366 3959 481 4024 Verbi.
527 3959 605 4023 Hoc
624 3958 825 4042 intelligitur
843 3979 903 4042 per
921 3960 1004 4024 haec
1024 3960 1113 4042 apud
1130 3959 1273 4044 Escyiam
1284 3983 1297 4022 .·

280 4106 300 4129 ‘⁴
308 4103 376 4168 Quis
392 4102 444 4153 llic
455 4101 508 4167 Qui
517 4104 592 4152 venit
602 4119 638 4152 ex
650 4103 746 4162 Edom,
757 4117 918 4167 conspersus
928 4113 1017 4154 vestes
1026 4119 1059 4154 ex
1072 4103 1173 4154 Bozra:
1191 4119 1273 4168 quare
1285 4105 1355 4154 rubi·

363 4169 467 4218 condus
483 4170 571 4232 quoad
590 4179 693 4218 vestem
712 4167 825 4232 'suaml’l
843 4179 870 4218 et
890 4178 980 4220 vestes
997 4169 1072 4220 Tuae
1090 4171 1158 4220 sicut
1178 4171 1305 4220 calcantis
1325 4171 1354 4221 in

363 4234 496 4284 torculari.
534 4233 613 4284 Unde
630 4249 725 4296 sparsa
741 4243 782 4284 est
794 4231 906 4284 victoria
921 4249 1016 4285 eorum
1034 4251 1065 4284 su
1101 4245 1215 4286 rvestes
1228 4235 1313 4296 Meas,
1327 4247 1355 4288 et

363 4313 445 4349 omne
455 4300 645 4348 vestimentum
659 4297 751 4349 Meum
762 4300 846 4363 pollui
853 4299 868 4321 ”
879 4299 954 4363 (lxiii.
967 4313 989 4361 1,
1000 4311 1024 4358 a,
1039 4251 1100 4366 [ὥς

224 4466 290 4530 per
314 4440 481 4505 “vestes'’
503 4443 607 4505 etiam
634 4442 687 4506 hic
711 4441 944 4524 significantur
966 4442 1089 4507 Divina
1111 4443 1204 4507 Vera
1226 4443 1352 4521 Verbi3

224 4559 289 4625 per
314 4535 480 4600 “Edom’¹
502 4535 711 4617 significatur
732 4536 965 4612 rubicundum,
987 4538 1040 4601 hic
1063 4537 1284 4601 rubicundum
1307 4557 1353 4600 ex

225 4631 417 4714 sanguine5
439 4630 518 4692 inde
533 4640 641 4712 patet,
654 4631 745 4713 quod
760 4651 820 4714 per
837 4632 1130 4697 “circumindutus
1145 4631 1353 4703 uestimento
