3384 5400
358 661 421 728 612

465 842 614 894 immundos,
635 841 725 887 similes
744 841 820 894 ranis:
842 846 898 886 sunt

466 904 531 950 enim
543 903 638 960 spiritus
651 903 798 947 daemonum
810 901 898 946 lacien-

465 969 502 1010 ιω
511 965 581 1021 signa
591 964 624 1008 ad
634 963 775 1008 abeundum
787 963 818 1006 ad
829 975 899 1019 reges

465 1030 543 1070 terrae
553 1030 578 1068 et
588 1023 653 1068 orbis
664 1025 746 1074 totius,
754 1024 787 1068 ad
797 1035 899 1080 congre-

464 1083 632 1142 gandumillos
640 1084 664 1128 in
675 1083 819 1128 bellumdiei
835 1083 898 1128 illius

467 1145 548 1203 magni
556 1143 797 1202 DeiOmnipotentis;
809 1151 834 1189 et
840 1156 899 1188 con·

466 1205 573 1311 ii‘gm
592 1205 646 1250 illos
666 1205 788 1250 inlocum
804 1203 897 1250 dietum

495 1279 508 1310 e

508 1267 589 1311 braice
605 1263 796 1323 Armageddon''
812 1265 896 1323 (Apoc.

466 1326 514 1372 xvi.
527 1325 620 1385 12-16).

363 1491 447 1548 Haec
463 1507 563 1548 coram
581 1493 638 1548 illis
654 1492 803 1563 explicata
817 1501 896 1554 sunt,

361 1584 392 1628 et
404 1571 516 1628 dictum
532 1583 586 1636 est,
596 1573 678 1644 quod
692 1573 734 1626 illi
748 1582 857 1632 essent,
865 1581 897 1626 et

361 1653 474 1709 similes
487 1655 566 1718 alibi,
579 1654 630 1726 qui
650 1665 704 1724 per
723 1653 773 1708 illa
788 1651 897 1707 intelli-

361 1743 482 1806 guntur.

399 1813 490 1876 Haec,
501 1829 577 1884 quae
586 1811 666 1868 dieta
676 1823 747 1868 sunt
759 1813 797 1868 ad
813 1811 897 1882 Epis·

362 1909 463 1964 copos,
488 1894 553 1949 Rex
578 1895 663 1950 Avus
689 1894 780 1964 Regis
805 1893 897 1948 hodie

363 1975 515 2046 regnantis
527 1991 544 2030 e
555 1973 646 2029 Caelo
656 1973 787 2037 audivit:
803 1983 834 2028 et
844 1973 897 2027 ali-

362 2065 507 2127 quantum
517 2053 783 2126 indignatusdixit,
793 2053 897 2126 “Quid

363 2135 447 2192 hoc.''

400 2216 438 2270 Et
443 2226 517 2270 tunc
523 2214 644 2286 quidam
653 2231 690 2270 ex
699 2215 764 2278 illis,
774 2213 824 2285 qui
835 2230 896 2268 non

362 2313 455 2350 unum
464 2312 532 2350 cum
543 2296 601 2350 illis
613 2296 641 2350 in
653 2295 767 2349 mundo
777 2295 896 2355 lecerat,

362 2377 512 2432 convertit
526 2393 557 2430 se
577 2377 614 2430 ad
635 2376 755 2446 Regem,
769 2385 800 2428 et
813 2374 897 2436 dixit,

364 2465 379 2488 ‘¹
389 2457 435 2512 llll
446 2473 522 2527 quos
533 2473 612 2510 nunc
624 2457 708 2510 vides
721 2455 816 2510 oculis
828 2455 896 2516 tuis,

362 2537 572 2609 cogitaverunt
592 2537 622 2590 in
642 2538 764 2598 mundo,
778 2546 809 2590 et
828 2535 898 2589 inde

363 2617 455 2673 etiam
475 2631 553 2672 nunc
572 2617 714 2688 cogitant,
729 2619 765 2672 de
786 2615 898 2670 Divino

365 2697 509 2753 Humano
535 2698 656 2754 Domini
682 2698 760 2753 sicut
780 2697 818 2753 de
843 2697 898 2751 hu-

364 2795 453 2834 mano
463 2779 593 2849 vulgaris
607 2778 754 2852 hominis;
770 2787 801 2833 et
814 2777 898 2832 addi-

363 2869 433 2914 cant
443 2874 563 2913 omnem
577 2858 781 2913 salvationem
794 2867 826 2913 et
840 2858 898 2913 Re·

364 2938 570 3008 demptionem
590 2937 656 2993 Deo
676 2938 766 3013 Patri,
785 2948 816 2993 et
837 2954 897 2992 non

365 3017 497 3073 Domino
508 3018 564 3072 nisi
572 3019 650 3073 sicut
659 3034 766 3073 causae
777 3028 899 3089 propter

364 3115 470 3169 quam;
496 3100 623 3155 credunt
645 3100 725 3154 enim
748 3100 778 3152 in
800 3099 897 3154 Deum

365 3179 494 3241 Patrem,
505 3190 536 3233 et
549 3196 609 3234 non
623 3180 652 3233 in
669 3180 766 3251 Ipsius
781 3180 898 3241 Filium,

364 3260 484 3314 tametsi
497 3260 596 3314 sciunt
611 3276 648 3315 ex
663 3260 802 3321 Domino,
815 3260 898 3331 quod

373 3340 512 3394 Voluntas
534 3340 639 3393 Patris
661 3342 701 3394 sit
723 3346 757 3393 ut
779 3341 901 3394 credant

365 3423 398 3473 r'n
416 3420 539 3481 Filium,
558 3426 586 3473 et
609 3420 687 3488 quod
707 3422 761 3489 qui
779 3420 900 3474 credm

365 3504 397 3555 r'n
415 3501 529 3554 Filium
547 3502 640 3553 vr'tam
654 3508 799 3554 aeternam
816 3502 899 3555 habe·

365 3587 426 3641 ant,
445 3587 473 3633 et
490 3580 568 3650 quod
583 3584 637 3650 qm'
655 3596 711 3635 non
729 3582 851 3635 credunt
866 3584 900 3635 in

365 3662 480 3716 Filium
508 3676 564 3714 rum
590 3664 691 3715 velari
713 3664 773 3715 snat
795 3665 899 3717 valam.

367 3740 490 3797 Praeter
510 3742 591 3811 quod
611 3740 803 3804 Charitatem,
823 3758 899 3812 quae

366 3822 400 3876 fit
412 3835 431 3876 a
444 3821 575 3877 Domino
586 3838 639 3891 per
649 3822 801 3877 hominem
815 3832 849 3875 ut
862 3822 900 3876 ab

366 3902 426 3963 illo,
446 3918 464 3955 a
488 3900 600 3973 punelo
619 3900 799 3957 salvationis
817 3902 900 3974 ejici-

365 3981 445 4037 ant.”

402 4060 536 4117 Ulterius
565 4061 690 4131 loquens
715 4076 783 4116 cum
817 4060 900 4133 Rege

366 4141 480 4196 detexit
501 4140 715 4204 Hierarchiam,
728 4158 817 4211 quam
835 4143 900 4213 plu-

367 4237 413 4276 res
432 4237 469 4275 εκ
488 4220 545 4276 illis
557 4220 702 4275 continuo
714 4220 857 4277 alfediant
869 4232 900 4277 et

366 4316 487 4371 quoque
505 4311 660 4363 exercent;
679 4316 768 4370 quam
781 4313 899 4357 consta-

367 4380 476 4435 biliunt
486 4379 788 4451 perconjundlionem
797 4392 828 4437 et
837 4384 899 4437 col-

367 4460 549 4531 ligationem,
567 4476 643 4531 quae
661 4461 694 4515 iit
711 4478 764 4532 per
777 4462 899 4517 emissa·

367 4540 436 4603 rios,
446 4540 652 4605 internuntios,
662 4542 802 4613 epistolas
812 4553 842 4597 et
855 4543 899 4598 lo·

680 669 927 723 APOCALYPSIS
949 668 1160 720 REVELATA.

945 840 1056 910 quelas,
1066 837 1268 894 ecclesiastica
1279 847 1310 892 et
1321 835 1412 892 simul
1425 852 1483 909 po·.
1505 839 1507 842 ’

945 922 1027 976 litica
1048 918 1226 976 austoritate
1244 919 1390 982 suffultas,
1408 937 1474 976 cum

944 1002 1083 1058 omnibus
1093 1001 1138 1055 sui
1149 999 1286 1063 Ordinis;
1304 1017 1341 1054 ex
1353 1016 1415 1070 quo
1427 1017 1475 1054 co-

946 1083 1070 1137 haerent
1088 1099 1182 1153 paene
1195 1097 1300 1136 omnes
1313 1082 1391 1135 sicut
1400 1098 1475 1135 unns

946 1163 1048 1227 lascls;
1075 1173 1106 1217 et
1124 1163 1205 1233 quod
1223 1179 1276 1232 per
1293 1161 1373 1216 illam
1390 1161 1475 1216 Hier·

945 1245 1078 1298 archium
1088 1244 1179 1298 etiam
1187 1241 1327 1298 ellectum
1338 1243 1386 1304 sit,
1395 1243 1475 1314 quod

945 1341 1036 1395 supra
1045 1325 1200 1380 nominata
1209 1322 1312 1393 Opera
1321 1340 1377 1394 pro
1390 1323 1476 1379 Nova

946 1405 1164 1475 Hierosolyma,
1194 1404 1314 1458 tametsi
1349 1403 1475 1459 Londini

944 1486 1033 1548 edita,
1060 1495 1092 1540 et
1112 1485 1151 1539 ad
1179 1484 1246 1540 illos
1273 1485 1356 1540 dono
1380 1486 1476 1546 missa,

944 1577 1007 1620 tam
1021 1565 1108 1620 ioede
1121 1562 1231 1636 rejeiia
1243 1565 1304 1619 sint
1316 1575 1350 1618 ut
1363 1582 1401 1620 ne
1413 1564 1478 1635 quia

945 1648 1013 1701 dem
1028 1647 1120 1717 digna
1137 1645 1240 1700 habita
1257 1646 1319 1700 sint
1337 1647 1415 1700 inter
1431 1645 1476 1700 Li-

945 1727 1015 1781 bros
1033 1726 1214 1782 recensionis
1227 1727 1383 1782 nominari.

983 1806 1040 1862 llis
1049 1806 1159 1862 auditis
1173 1807 1238 1861 Rex
1248 1807 1412 1877 obstupuit,
1424 1805 1477 1860 im·

945 1887 1049 1958 primis
1066 1888 1149 1958 quod
1168 1887 1211 1942 ita
1228 1888 1425 1958 cogitaverint
1439 1888 1476 1943 de

947 1968 1088 2029 Domino,
1112 1967 1173 2039 Qui
1197 1977 1299 2023 tamen
1324 1980 1371 2024 est
1396 1969 1478 2023 Deus

946 2048 1026 2105 Caeli
1035 2059 1067 2103 et
1076 2049 1198 2111 Terrae;
1216 2065 1251 2102 ac
1265 2048 1302 2103 de
1315 2047 1477 2111 charitate,

945 2146 1022 2201 quae
1034 2139 1136 2184 tamen
1149 2139 1195 2184 est
1209 2129 1272 2200 ipsa
1286 2127 1411 2200 Religio.

982 2210 1020 2265 Et
1032 2219 1105 2264 tunc
1118 2226 1172 2280 per
1179 2209 1275 2263 lucem
1289 2226 1305 2263 e
1319 2207 1411 2264 Caelo
1423 2210 1476 2264 im·

946 2291 1066 2344 missam
1101 2301 1205 2359 aperta
1234 2300 1305 2344 sunt
1338 2290 1477 2345 interiora

946 2371 1056 2426 mentis
1074 2381 1105 2425 et
1123 2370 1192 2425 fidei
1206 2370 1341 2432 illorum;
1367 2380 1400 2426 et
1414 2371 1477 2426 Rex

944 2453 1029 2514 vidit,
1042 2462 1073 2506 et
1089 2461 1162 2506 tunc
1174 2451 1258 2512 dixit,
1271 2451 1401 2514 “abitu
1419 2453 1477 2507 heu

945 2533 1012 2604 quis
1019 2542 1120 2603 potest
1131 2532 1160 2586 in
1167 2541 1284 2586 tantum
1295 2533 1478 2588 occaleeoere

945 2614 983 2668 ad
996 2613 1177 2668 audiendum
1190 2611 1303 2682 aliquid
1321 2613 1360 2668 de
1377 2612 1477 2675 Caelo,

945 2706 976 2751 et
988 2696 1025 2750 de
1038 2693 1110 2749 Vita
1122 2693 1267 2749 aetema''

982 2776 1098 2831 Deinde
1111 2791 1129 2829 a
1143 2774 1224 2845 Rege
1238 2774 1413 2844 inquisitum
1423 2786 1477 2837 est,

945 2857 1025 2911 unde
1043 2856 1175 2910 illistam
1189 2854 1363 2910 universalis
1376 2856 1478 2911 obedi·

945 2938 1027 2991 entia
1035 2934 1161 2997 aClero;
1174 2933 1325 2990 etdistum
1334 2946 1388 3000 est,
1396 2938 1477 3007 quod

946 3018 985 3072 sit
997 3033 1015 3072 a
1026 3032 1169 3071 concessa
1180 3016 1274 3071 cuivis
1285 3015 1435 3087 Episcopo
1448 3018 1477 3071 in

945 3114 1001 3153 sua
1034 3096 1164 3151 dioecesi
1194 3106 1344 3165 potestate
1382 3098 1479 3153 nomi-

946 3177 1035 3232 nandi
1054 3193 1154 3231 coram
1175 3176 1257 3247 Rege
1276 3176 1367 3231 modo
1386 3194 1478 3231 unum

946 3258 984 3312 ad
999 3257 1152 3318 Ecclesiae,
1161 3266 1193 3311 et
1205 3272 1266 3311 non
1279 3257 1357 3311 sicut
1370 3258 1404 3311 in·
1412 3257 1479 3313 aliis

948 3338 1069 3409 Regnis,
1083 3347 1152 3397 tres,
1171 3337 1263 3391 etiam
1281 3348 1421 3400 vocatos;
1448 3348 1480 3393 et

946 3418 1028 3490 quod
1037 3434 1074 3472 ex
1083 3433 1119 3471 ea
1132 3426 1281 3487 potestate
1291 3418 1349 3471 illis
1357 3418 1399 3472 sit
1410 3435 1480 3475 auc-

946 3498 1053 3553 toritas
1072 3498 1269 3567 promovendi
1288 3496 1423 3554 Clientes
1440 3499 1479 3553 ad

947 3580 1077 3633 honores
1087 3577 1299 3633 eminentiores
1308 3588 1340 3633 et
1351 3580 1390 3633 ad
1403 3580 1480 3635 redi·

947 3669 997 3714 tus
1017 3659 1167 3729 largiores,
1189 3659 1354 3728 quemlibet
1374 3675 1480 3714 secun-

947 3741 1019 3795 dum
1038 3738 1239 3793 obedientiam
1252 3754 1342 3809 quam
1355 3740 1481 3809 praesti·

947 3822 993 3875 tit.
1031 3817 1190 3874 Detetium
1204 3820 1293 3873 etiam
1306 3830 1353 3875 est
1368 3837 1481 3891 quous·

947 3917 1005 3972 que
1017 3899 1190 3955 Hierarchia
1204 3899 1255 3953 illa
1264 3902 1400 3971 progredi
1411 3918 1481 3971 pos-

947 3981 995 4042 sit,
1004 3991 1034 4035 et
1042 3980 1123 4051 quod
1132 3980 1339 4051 progrediatur
1347 3996 1481 4053 eousque

947 4073 982 4115 nt
1000 4060 1175 4115 Dominium
1199 4060 1241 4115 sit
1264 4061 1431 4125 essentiale,
1451 4074 1482 4118 et

950 4140 1068 4212 Religio
1076 4140 1208 4195 lormale.
1244 4141 1376 4212 Apertus
1388 4142 1481 4197 etiam

947 4232 994 4277 est
1014 4223 1122 4275 horum
1140 4222 1230 4276 ardor
1247 4222 1432 4286 dominandi,
1451 4234 1482 4279 et

947 4300 1098 4373 spetiatus
1117 4302 1155 4355 ab
1175 4302 1306 4372 angelis3
1331 4314 1362 4358 et
1382 4303 1480 4358 visum

947 4383 1028 4453 quod
1036 4382 1161 4437 excedat
1173 4384 1311 4437 ardorem
1324 4383 1482 4439 dominan-

946 4463 978 4518 di
999 4462 1117 4517 illomm
1136 4462 1189 4533 qui
1209 4461 1240 4516 in
1261 4464 1404 4520 saeculari
1429 4479 1482 4537 po·

946 4553 1056 4599 testate
1067 4553 1147 4599 sunt.
