3384 5400
499 694 578 746 cnr.
595 694 711 756 xviri,
728 693 830 744 vens.
853 693 978 744 12.-n.
993 694 1066 762 77²·
1279 681 1340 763 673

268 865 389 918 “Subito
399 863 493 916 cecidit
511 863 594 914 Babel
612 872 638 913 et
656 859 794 914 contraiis
805 872 862 917 est:
880 862 979 924 ejulate
991 877 1071 926 super
1081 877 1122 921 ea,
1137 861 1234 913 sumite
1250 862 1339 912 bulse-

348 945 421 981 mum
434 945 484 994 pro
494 930 597 988 dolore,
611 929 680 978 iorte
692 927 852 978 sanabitur”
864 927 970 992 (Jmn.
983 928 1009 978 li.
1021 928 1055 991 8).

277 1084 367 1156 771·
392 1083 476 1152 [Vm.
492 1083 545 1149 n.]
571 1070 637 1132 'ft
657 1075 852 1132 mororum
875 1074 982 1131 terroe
1004 1067 1118 1131 nolunt
1140 1073 1175 1131 ot
1196 1067 1344 1151 inpetunt

215 1181 312 1243 super·
330 1162 394 1233 itia,
416 1159 497 1243 qood
513 1178 636 1222 norom
656 1178 761 1222 eorum
782 1176 870 1221 nomo
890 1164 974 1220 emat
992 1157 1156 1238 amplios,''
1170 1157 1340 1240 significat

215 1253 359 1318 minores
381 1252 416 1317 in
438 1251 553 1314 ordine
574 1251 634 1334 qui
656 1251 853 1314 ministrant
872 1259 905 1313 et
925 1260 990 1331 por
1010 1250 1129 1313 sancia
1154 1249 1339 1324 lucrantur,

214 1347 271 1410 nic
291 1347 424 1411 illorum
446 1343 573 1409 dolores
596 1345 686 1427 quod
700 1355 780 1426 post
801 1344 1054 1407 destruiiionem
1075 1343 1256 1425 Babylonis
1277 1364 1341 1406 non

215 1450 442 1523 agnoscantur
452 1438 609 1520 alagona
620 1439 755 1503 illorum
765 1449 830 1520 pro
842 1438 979 1514 sentiri,
993 1438 1056 1501 sed
1061 1448 1128 1519 pro
1139 1437 1340 1502 adulteratis

214 1545 249 1598 et
261 1532 488 1617 prophanatis
506 1533 599 1597 bonis
615 1543 649 1596 et
667 1533 758 1596 vrn's
785 1531 886 1596 Verbi
903 1542 936 1595 et
956 1532 1032 1594 inde
1049 1530 1224 1607 Ecclesiae,
1243 1541 1276 1595 et
1292 1532 1342 1595 sic

215 1629 308 1712 quod
322 1649 384 1691 non
401 1625 548 1709 amplius
565 1627 700 1709 possint
716 1637 873 1710 quaestus
895 1626 980 1690 sicut
996 1625 1097 1708 prius
1114 1624 1262 1706 perillo
1275 1626 1340 1705 fa·

213 1722 402 1786 cern—Per
433 1728 668 1786 “mercatores
676 1721 691 1748 ‘’
717 1720 954 1802 intelliguntur
984 1721 1130 1783 minores
1158 1720 1192 1783 in
1222 1721 1340 1784 ordine

217 1817 437 1881 Hierarchiae
453 1815 718 1881 Ecclesiasticae
735 1814 879 1890 illorum,
897 1815 973 1897 quia
989 1835 1049 1896 per
1065 1818 1191 1896 “reges
1207 1822 1316 1877 terrae
1324 1813 1341 1837 ”

215 1912 260 1976 de
283 1912 402 1995 quibus
428 1908 602 1986 haiienuS,
628 1909 865 1992 intelliguntur
886 1910 1073 1990 superiores
1099 1909 1133 1970 in
1158 1928 1199 1972 eo
1222 1908 1340 1971 ordine

217 2005 388 2088 (videatur
404 2024 514 2087 supra,
532 2024 563 2067 n.
580 2002 657 2087 767)
671 2025 678 2082 ;
698 2005 746 2068 ita
762 2023 821 2086 per
838 2007 1074 2066 “mercatores
1089 2000 1223 2066 terrae'’
1237 2001 1339 2065 intel-

216 2100 367 2182 liguntur
385 2099 441 2182 qui
465 2099 658 2162 ministrant
680 2106 716 2161 et
738 2117 798 2180 per
818 2093 936 2160 santia
959 2096 1148 2160 lucrantur:
1173 2115 1232 2178 per
1252 2096 1339 2158 “lle-

214 2194 303 2257 bunt
322 2204 357 2257 et
376 2192 566 2275 lugebunt”
581 2190 813 2274 significantur
827 2190 963 2254 dolores
981 2189 1115 2253 illorum
1136 2188 1188 2271 (ut
1207 2209 1339 2272 quoque

216 2307 328 2370 supra,
353 2307 384 2351 n.
407 2286 505 2369 767);
540 2306 599 2369 per
623 2291 782 2350 “merces
804 2284 944 2348 eorum”
967 2283 1198 2366 significantur
1221 2281 1340 2347 sanila

216 2401 278 2446 seu
293 2381 460 2463 religiosa,
474 2401 533 2463 per
545 2400 631 2464 quae
648 2379 740 2444 luera
755 2399 814 2444 seu
826 2388 987 2462 quaestus
1003 2378 1149 2456 iaciunt;
1168 2398 1227 2460 per
1241 2383 1339 2441 “non

216 2495 332 2542 emere
350 2475 407 2539 illa
426 2475 569 2557 amplius
577 2474 592 2501 ”
610 2473 818 2556 significatur
837 2494 905 2536 non
924 2473 1011 2536 velle
1031 2472 1155 2536 habere
1173 2471 1242 2547 illa,
1262 2473 1339 2555 quia

217 2590 289 2634 non
305 2580 382 2633 sunt
398 2566 526 2644 sanita,
541 2570 601 2633 sed
617 2567 809 2632 adulterata
825 2578 860 2632 et
877 2567 1090 2650 prophanata
1105 2567 1195 2630 bona
1210 2575 1245 2630 et
1258 2587 1339 2630 vera

216 2665 324 2729 Verbi
343 2675 378 2729 et
396 2665 474 2729 inde
493 2663 687 2742 Ecclesiae;
711 2665 801 2747 quod
820 2670 960 2727 “emere
968 2664 983 2686 ”
999 2666 1042 2727 sit
1058 2665 1121 2728 sibi
1140 2685 1336 2749 comparare

220 2760 271 2842 (n.
289 2758 379 2843 606).
423 2758 476 2823 De
494 2760 558 2823 hoc
578 2760 626 2823 ita
644 2759 733 2841 apud
751 2758 937 2833 Jerernram
948 2781 961 2821 .·

267 2916 350 2967 Babel
370 2919 462 2981 “quse
479 2917 582 2968 habitas
600 2932 681 2982 super
696 2919 772 3047 spuis
789 2919 889 2976 multis,
909 2932 1009 2982 magns
1025 2886 1164 2979 thesauris,
1183 2920 1257 2970 venit
1275 2920 1336 2971 finis

347 2992 417 3043 tuus,
431 2997 557 3034 mensura
568 2984 633 3033 lucri
645 2984 683 3034 tui
691 2983 705 3004 '’
727 2984 754 3035 ll.
768 2984 815 3045 η).

276 3142 366 3213 772.
391 3142 477 3209 [Vm.
492 3140 545 3207 η]
571 3138 589 3167 ’
598 3130 718 3194 loe-ces
733 3131 805 3193 nori
815 3136 850 3194 ot
861 3130 987 3214 arpenti
997 3135 1031 3194 ot
1044 3131 1152 3212 lapidis
1163 3133 1295 3212 pretiosi
1304 3138 1339 3195 ot

215 3218 445 3300 margoritml'
455 3218 622 3299 significat
633 3220 724 3301 quod
733 3220 813 3283 naec
825 3219 899 3283 illis
915 3241 979 3282 non
994 3221 1142 3302 amplius
1157 3222 1238 3297 sint,
1252 3224 1335 3305 quio

214 3330 279 3373 non
301 3309 370 3373 illis
388 3320 467 3373 sunt
487 3310 682 3390 spiritualia
705 3310 787 3375 bona
808 3323 840 3374 et
861 3333 952 3386 vero,
976 3312 1094 3394 quibus
1118 3312 1202 3376 talio
1227 3334 1334 3378 corre·

213 3403 826 3485 spondent—Per“mercesillorum”
838 3425 906 3468 non
917 3405 982 3468 alia
993 3405 1334 3490 significanturquam

214 3518 300 3581 quae
324 3498 368 3561 ibi
391 3498 625 3577 nominantur;
650 3519 727 3563 nam
747 3500 836 3582 quod
861 3498 925 3562 illis
948 3520 1075 3575 aurum,
1095 3511 1274 3582 argentum
1298 3514 1334 3567 et

214 3592 301 3675 lapis
320 3593 486 3674 pretiosus
505 3602 540 3655 et
559 3596 761 3675 margaritae
777 3595 810 3656 in
827 3595 924 3675 copia
942 3595 1021 3663 sint,
1038 3604 1074 3657 et
1090 3595 1180 3677 quod
1199 3594 1257 3658 illa
1275 3616 1335 3678 per

213 3686 372 3769 religiosa
400 3706 470 3763 sua,
499 3706 585 3769 quae
613 3687 764 3751 fecerunt
793 3686 912 3751 sanita
942 3687 1075 3764 Divina,
1104 3688 1223 3752 lucrati
1253 3692 1332 3766 sint,

213 3791 335 3845 notum
349 3789 412 3844 est.
457 3778 555 3843 Talia
570 3780 701 3845 fuerunt
717 3780 792 3856 illis,
810 3782 900 3865 quie
920 3781 1108 3863 Babylonia
1127 3792 1233 3858 erant,
1252 3794 1333 3849 ante

213 3874 383 3939 Ultimum
396 3874 583 3956 Judicium3
604 3894 683 3937 nam
695 3885 776 3939 tunc
793 3895 994 3939 concessum
1010 3876 1070 3939 suit
1087 3875 1152 3939 illis
1168 3878 1229 3940 sibi
1246 3880 1333 3943 sicut

214 3968 337 4033 Caelos
355 3967 509 4043 formare,
526 3977 561 4031 et
581 3988 640 4051 per
657 3970 765 4032 varias
784 3978 877 4033 artes
896 3970 958 4032 sibi
977 3968 1059 4033 talia
1078 3992 1097 4035 e
1115 3969 1221 4034 Caelo
1237 3990 1331 4035 com-

213 4083 342 4145 parare,
362 4064 431 4126 imo
453 4062 519 4125 illis
541 4063 627 4126 sicut
650 4064 683 4126 in
707 4064 832 4127 mundo
856 4062 992 4127 cellaria
1014 4065 1171 4147 implere:
1196 4075 1232 4128 at
1253 4076 1332 4153 post

213 4154 383 4221 Ultimum
403 4156 581 4238 Judicium,
604 4158 740 4240 quando
763 4154 869 4221 fiiiitii
896 4157 1029 4221 illorum
1053 4158 1146 4223 Caeli
1169 4158 1331 4225 destruiii

213 4260 302 4325 sunt,
321 4261 401 4315 tunc
421 4250 535 4313 omnia
552 4250 611 4313 illa
628 4252 662 4315 in
678 4251 849 4333 pulverem
870 4262 904 4315 et
921 4253 1067 4315 cinerem
1084 4251 1221 4317 redaiia
1239 4266 1329 4329 sunt,

212 4354 248 4407 et
267 4364 326 4427 per
344 4354 484 4408 ventum
504 4344 703 4408 orientalem
723 4342 879 4421 abduiia,
896 4365 935 4408 ac
955 4356 992 4409 ut
1011 4346 1120 4428 pulvis
1138 4348 1331 4432 prophanus

213 4457 312 4520 super
333 4438 463 4501 inferna
484 4457 599 4502 eorum
623 4448 815 4501 constrata:
842 4440 902 4503 sed
925 4440 967 4503 de
990 4439 1042 4503 his
1065 4441 1223 4522 legantur
1243 4463 1330 4526 quae

213 4532 247 4594 in
274 4528 449 4613 Opusculo
477 4532 520 4595 de
556 4531 678 4597 Ultimo
706 4532 841 4607 Jndicro
872 4543 905 4595 et
935 4532 1119 4615 Babylom'o
1148 4535 1328 4610 destrutia,

213 4624 359 4689 Londini
390 4626 468 4707 1758
489 4626 593 4703 edito,
617 4648 662 4691 ex
685 4628 762 4691 visis
785 4627 955 4711 descripta
982 4638 1071 4701 sunt.
1130 4628 1212 4693 Post
1235 4629 1329 4695 illam
