3384 5400
337 693 397 774 588
654 705 901 758 neocnsvems
924 705 1126 757 neumata

335 877 396 939 “in
416 885 540 940 terram
549 875 564 900 ''
583 875 790 958 significatur
808 875 954 940 influxus
977 876 1010 939 in
1029 875 1220 940 Ecclesiam
1240 873 1455 941 Reformato-

333 991 427 1048 rum;
455 989 514 1052 per
534 969 732 1034 “effundere
755 969 909 1053 phialas”
930 970 1138 1054 significatur
1160 971 1315 1045 influxus,
1338 983 1374 1035 et
1397 992 1457 1055 per

334 1074 487 1128 “terram
496 1064 511 1089 ’¹
530 1063 738 1146 significatur
761 1065 916 1130 Ecclesia
941 1064 987 1148 (n.
1006 1065 1095 1147 285).
1140 1065 1267 1146 Agitur
1287 1066 1396 1129 adhuc
1412 1067 1456 1130 de

334 1160 490 1223 Ecclesia
516 1160 604 1242 apud
632 1158 861 1235 Reformatos,
884 1161 918 1223 in
945 1170 1110 1243 sequente
1136 1171 1250 1222 autem
1277 1161 1388 1242 capite
1412 1161 1455 1224 de

334 1254 490 1319 Ecclesia
515 1254 604 1336 apud
632 1254 790 1318 Romano
817 1253 1025 1330 Catholicos,
1049 1263 1084 1318 et
1111 1265 1233 1336 postea
1256 1255 1299 1318 de
1322 1253 1456 1318 Ultimo

331 1349 473 1432 Judicio‚
486 1361 521 1413 et
538 1351 673 1412 demum
690 1351 733 1412 de
749 1349 849 1413 Nova
865 1350 1030 1425 Ecclesia,
1045 1360 1201 1432 quaeest
1218 1350 1316 1412 Nova
1333 1348 1455 1413 Hiero·
1490 1357 1493 1361 ’

333 1446 465 1527 solyma
490 1443 658 1527 (videatur
681 1445 857 1525 Praefatip,
881 1455 917 1508 et
939 1465 972 1508 n.
996 1445 1041 1528 2).
1086 1444 1192 1528 Supra
1222 1443 1309 1527 (cap.
1332 1446 1396 1509 viii.
1420 1455 1456 1509 et

334 1539 394 1622 ix.)
416 1542 526 1622 agitur
545 1541 587 1603 de
608 1545 767 1622 “septem
786 1538 932 1622 Angelis
955 1539 1157 1603 habentibus
1176 1551 1308 1621 septem
1327 1539 1456 1612 tubas‚”

333 1636 451 1719 quibus
481 1635 705 1712 clanxerunt;
742 1644 778 1698 et
808 1637 885 1716 quia
914 1634 1010 1716 plura
1037 1633 1159 1698 similia
1190 1635 1236 1698 ibi
1264 1644 1455 1710 occurrunt,

333 1733 464 1794 dicetur
482 1729 534 1793 hic
552 1730 630 1812 quid
650 1749 709 1812 per
724 1727 801 1792 illos
819 1728 1138 1818 septemlAngelos
1158 1740 1194 1791 et
1212 1730 1292 1812 quid
1307 1749 1366 1810 per
1381 1729 1454 1804 hos,

334 1821 549 1906 significatur.
596 1825 657 1887 Per
679 1828 839 1906 “septem
864 1823 992 1900 tubas,”
1010 1825 1129 1907 quibus
1152 1823 1355 1888 clanxerunt
1378 1844 1455 1906 sep·

334 1931 404 1983 tem
421 1920 559 2002 Angeli,
573 1917 779 2001 significatur
791 1918 985 2001 exploratio
1000 1930 1036 1982 et
1052 1919 1281 1982 manifestatio
1295 1917 1454 1982 falsorum

333 2026 367 2078 et
382 2013 556 2088 malorum,
570 2014 602 2076 in
616 2013 734 2096 quibus
750 2022 828 2077 sunt
841 2014 897 2096 qui
912 2014 945 2076 in
963 2012 1047 2076 Fide
1059 2023 1215 2096 separata
1227 2033 1247 2075 a
1259 2011 1454 2092 Charitate3

333 2120 369 2173 at
386 2129 444 2191 per
458 2115 618 2192 “septem
635 2107 764 2190 phialas
780 2107 899 2192 plenas
915 2118 1047 2191 septem
1063 2107 1173 2190 plagis
1188 2108 1316 2172 ultimis
1323 2108 1338 2133 ”
1351 2109 1455 2190 signi-

333 2202 452 2267 ficatur
471 2205 663 2284 devastatio
686 2214 721 2267 et
745 2204 993 2266 consummatio
1011 2201 1155 2276 illorum,
1176 2224 1254 2266 nam
1275 2224 1343 2266 non
1366 2204 1456 2286 prius

333 2299 370 2363 tit
388 2299 556 2364 Ultimum
570 2299 735 2380 Judicium
752 2319 852 2382 super
866 2297 953 2372 illos,
970 2317 1072 2381 quam
1087 2317 1164 2362 cum
1180 2299 1350 2363 devastati
1364 2310 1455 2364 sunt.

334 2395 537 2458 Devastatio
566 2406 601 2457 et
631 2395 880 2457 consummatio
911 2394 945 2455 in
975 2393 1102 2456 mundo
1131 2393 1293 2475 spirituali
1323 2392 1360 2458 fit
1390 2394 1454 2459 hoc

333 2490 455 2553 modo:
480 2488 556 2563 illis,
577 2489 683 2570 quiin
702 2487 793 2552 falsis
812 2489 924 2570 quoad
943 2485 1131 2552 doctrinam
1151 2498 1186 2552 et
1209 2488 1287 2551 inde
1305 2490 1337 2552 in
1357 2489 1455 2552 malis

333 2585 443 2667 quoad
470 2585 577 2647 vitam
603 2593 692 2658 sunt,
717 2583 910 2646 auferuntur
935 2585 1050 2646 omnia
1076 2583 1167 2646 bona
1192 2593 1228 2646 et
1254 2605 1344 2658 vera,
1369 2605 1455 2667 quae

333 2679 443 2743 solum
466 2679 499 2742 in
521 2678 664 2742 naturali
687 2678 824 2742 homine
843 2678 1069 2761 possiderunt,
1088 2688 1124 2741 et
1147 2700 1192 2741 ex
1216 2680 1334 2762 quibus
1353 2681 1455 2743 simu-

334 2774 486 2838 laverunt
506 2775 660 2837 homines
676 2772 907 2851 Christianos;
931 2774 1050 2856 quihus
1068 2772 1192 2837 ablatis
1211 2776 1357 2855 separati
1376 2785 1455 2840 sunt

333 2890 352 2933 e
382 2868 497 2943 Caelo,
527 2880 561 2933 et
592 2866 760 2949 conjuntti
795 2868 948 2946 Infern03
984 2878 1019 2933 et
1049 2879 1130 2931 tunc
1163 2870 1197 2931 in
1227 2868 1357 2931 Mundo
1386 2869 1455 2949 spi—

332 2966 454 3028 rituum
482 2965 665 3027 secundum
692 2964 875 3027 varietates
901 2963 1248 3043 concupiscentiarum
1271 2964 1455 3044 disponun-

333 3070 386 3122 tur
409 3060 442 3121 in
466 3060 658 3134 societates,
678 3077 764 3140 quae
787 3068 908 3139 postea
929 3057 1115 3119 subsidunt.
1161 3056 1368 3121 Auferuntur
1390 3057 1455 3121 illis

332 3154 422 3215 bona
441 3164 475 3216 et
495 3172 574 3215 vera
598 3171 657 3235 per
675 3150 837 3214 influxum
857 3171 876 3214 e
895 3149 1009 3215 Caelo
1055 3149 1206 3213 Influxus
1226 3150 1265 3214 tit
1284 3172 1328 3214 ex
1347 3172 1454 3235 genu·

333 3246 394 3309 inis
413 3247 499 3309 veris
519 3257 554 3309 et
576 3247 683 3321 bonis,
703 3267 747 3309 ex
767 3247 886 3329 quibus
902 3254 1103 3328 torquentur
1121 3255 1156 3307 et
1176 3247 1375 3321 cruciantur,
1396 3250 1454 3310 vix

333 3339 431 3403 aliter
446 3358 546 3423 quam
566 3342 652 3403 sicut
668 3360 806 3422 serpens
821 3340 979 3403 admotus
999 3340 1078 3421 igni,
1095 3351 1154 3402 aut
1173 3336 1341 3421 projectus
1357 3363 1456 3425 super

333 3454 489 3498 acervum
513 3434 745 3513 formicarum3
783 3454 886 3518 quare
909 3433 1061 3513 rejiciunt
1088 3434 1178 3496 hona
1200 3445 1235 3498 et
1259 3456 1338 3497 vera
1361 3435 1455 3500 Caeli

249 3574 255 3583 .
336 3528 436 3611 (quae
455 3530 557 3592 etiam
580 3539 658 3592 sunt
680 3530 770 3592 bona
788 3539 823 3593 et
842 3550 922 3592 vera
945 3527 1135 3611 Ecclesiae)
1156 3549 1175 3592 a
1193 3549 1240 3603 se,
1260 3550 1298 3593 ac
1318 3531 1454 3595 demum

333 3625 497 3686 damnant
517 3622 584 3697 illa,
602 3644 646 3687 ex
666 3643 777 3698 causa,
794 3624 872 3706 quia
894 3645 939 3686 ex
962 3622 1026 3685 illis
1045 3624 1131 3686 sicut
1151 3626 1335 3687 cruciatum
1354 3626 1454 3689 inser·

334 3718 446 3781 nalem
465 3720 694 3797 sentiverunt3
718 3739 785 3801 quo
803 3716 893 3781 sacto
915 3718 1043 3781 intrant
1066 3718 1100 3780 in
1119 3739 1178 3781 sua
1198 3718 1286 3781 mala
1305 3730 1340 3783 et
1359 3719 1453 3796 falsa,

333 3823 367 3875 et
388 3823 586 3893 separantur
603 3834 623 3875 a
641 3813 748 3903 bpnis.
795 3810 890 3875 Haec
915 3824 993 3875 sunt
1016 3833 1101 3895 quae
1125 3814 1158 3875 in
1180 3812 1245 3876 hoc
1265 3816 1376 3895 capite
1394 3816 1454 3879 de-

333 3906 521 3969 scribuntur
537 3916 571 3971 et
589 3904 821 3988 significantur
836 3927 895 3989 per
912 3904 1184 3988 “projectionem
1203 3906 1401 3989 phialarum,
1420 3912 1453 3973 in

332 4001 452 4083 quibus
467 4013 563 4064 erant
580 4012 711 4083 septem
728 4001 850 4083 plagae
867 3999 1032 4064 ultimae.”
1077 4000 1116 4063 In
1135 4000 1255 4083 phialis
1272 4022 1338 4065 non
1355 4014 1454 4069 erant

333 4094 390 4158 illa
406 4094 495 4157 mala
514 4106 548 4158 et
568 4094 650 4158 falsa
666 4115 752 4177 quae
771 4116 829 4178 per
843 4100 862 4127 ‘¹
872 4094 991 4177 plagas
999 4094 1015 4118 ’⁹
1026 4093 1267 4176 significantur,
1281 4098 1341 4159 sed
1357 4108 1454 4161 erant

332 4192 478 4271 genuina
494 4210 573 4253 vera
589 4200 624 4253 et
640 4190 739 4263 bona,
757 4209 897 4271 quorum
914 4187 1051 4253 effectus
1067 4190 1126 4253 suit
1143 4189 1250 4273 qualis
1266 4192 1454 4275 descriptus

333 4293 405 4359 est;
431 4284 607 4347 exiverunt
625 4284 714 4347 enim
731 4283 858 4365 Angeli
877 4306 921 4348 ex
939 4282 1113 4365 “Templo
1129 4284 1353 4349 Tabernaculi
1369 4286 1454 4351 Tes-

325 4376 492 4451 timonii,”
511 4398 570 4459 per
587 4379 677 4461 quod
697 4378 898 4459 intelligitur
916 4380 1070 4442 intimum
1090 4377 1193 4452 Caeli,
1214 4380 1269 4441 ubi
1289 4400 1356 4442 non
1375 4393 1454 4444 sunt

333 4472 395 4534 nssi
411 4492 511 4554 quam
528 4494 607 4536 vera
625 4485 661 4537 et
680 4473 769 4536 bona
787 4474 820 4535 in
840 4473 963 4536 Divina
981 4470 1172 4536 Sanctitate
1190 4472 1277 4555 (cap.
1295 4496 1350 4537 xv.
1367 4496 1452 4538 vers.

332 4566 378 4647 6).
426 4566 626 4630 Devastatio
645 4579 680 4631 et
699 4568 946 4631 consummatio
964 4568 1047 4631 haec
1067 4578 1120 4632 est
1139 4568 1181 4631 de
1200 4588 1265 4650 qua
1289 4567 1453 4632 Dominus

334 4660 480 4743 loquitur
498 4661 550 4724 his
567 4662 696 4725 verbis:
