3384 5400
562 722 642 774 cnr.
659 723 774 786 xv111.,
792 723 895 773 vans.
913 723 1021 790 5.—n.
1037 708 1109 790 761.
1331 709 1394 792 663

272 891 393 958 ficatur
407 882 444 955 ut
460 897 606 957 caveant
621 891 682 956 sibi
699 914 742 957 ne
756 893 867 976 quoad
883 893 1014 957 animas
1027 892 1252 976 conjugantur
1264 893 1395 957 abomi-

273 987 468 1050 nationibus
485 987 573 1069 ejus;
597 997 632 1051 et
649 989 725 1070 quia
738 985 930 1069 conjunctio
946 987 982 1052 lit
996 1009 1055 1071 per
1067 988 1278 1070 agnitionem
1294 998 1329 1052 et
1346 988 1395 1052 af·

272 1079 464 1156 sedtionem,
483 1083 586 1145 etiam
602 1080 667 1145 hoc
685 1081 912 1164 significatur;
936 1083 1025 1165 quod
1042 1092 1186 1166 peccata
1198 1102 1313 1146 eorum
1326 1084 1395 1146 sint

271 1173 556 1252 abominationes,
574 1186 627 1239 est
645 1177 723 1259 quia
738 1178 787 1240 ita
802 1186 969 1240 vocantur
987 1179 1019 1240 in
1039 1177 1151 1259 capite
1168 1177 1395 1259 praecedente

274 1269 376 1352 (vers
390 1269 448 1354 4);
472 1265 532 1352 per
549 1272 620 1334 “ne
638 1271 807 1354 recipiatis
827 1293 872 1335 ex
891 1270 1001 1354 plagis
1019 1271 1089 1352 ejus
1097 1272 1112 1297 ”
1128 1270 1336 1353 significatur
1352 1292 1395 1336 ne

272 1373 425 1448 pereant,
440 1361 499 1448 per
514 1371 533 1398 ‘¹
543 1363 662 1448 plagas
669 1365 684 1392 ''
695 1367 783 1429 enim
797 1365 1029 1449 significantur
1042 1365 1133 1430 mala
1145 1377 1180 1430 et
1192 1365 1287 1442 falsa,
1301 1376 1337 1430 et
1349 1367 1394 1430 si-

273 1459 343 1522 mul
362 1458 517 1522 interitus
536 1480 595 1542 per
613 1459 708 1537 illas3
732 1460 816 1524 haec
836 1459 1026 1542 significata
1046 1469 1124 1524 sunt
1144 1480 1203 1543 per
1223 1459 1397 1544 “plagas'’¹

272 1573 373 1634 supra
393 1551 440 1634 (n.
458 1551 532 1636 657,
551 1551 625 1636 673,
644 1553 717 1635 676,
738 1565 773 1618 et
792 1553 898 1638 alibi).
943 1553 1072 1618 Similia
1090 1555 1246 1619 dicuntur
1264 1555 1308 1618 de
1327 1554 1393 1618 Ba-

271 1646 350 1710 bele
368 1648 402 1710 in
420 1645 539 1712 Verbo
556 1648 589 1711 ln
609 1648 660 1712 his
680 1648 781 1714 locis:

325 1794 429 1846 “Exite
443 1811 458 1846 e
471 1797 560 1846 medio
573 1795 688 1856 Babelis,
702 1797 800 1860 popule
813 1796 862 1857 Ml,
873 1798 968 1860 eripite
979 1798 1090 1862 quisque
1101 1797 1220 1847 animam
1233 1811 1394 1860 coemptae

404 1862 628 1912 excandescentia
639 1863 694 1912 irae
706 1862 833 1927 Jehovae,
849 1879 883 1912 ne
895 1864 1035 1913 mollescat
1052 1879 1098 1912 cor
1115 1873 1244 1924 vestrum,
1257 1874 1285 1912 et
1302 1863 1395 1911 timea-

404 1927 438 1976 tis
450 1929 486 1975 ob
498 1927 597 1976 lamam
607 1927 622 1947 ⁰
634 1927 742 1992 (Jerem.
757 1929 783 1979 li.
794 1941 835 1988 45,
849 1928 907 1990 46);

325 1990 448 2056 “Fugite
465 2007 481 2042 e
498 1993 587 2044 medio
600 1992 716 2053 Babelis,
730 2003 757 2043 et
774 1994 870 2056 eripite
880 1995 993 2059 quisque
1002 1995 1122 2044 animam
1139 2007 1225 2053 suam,
1239 2007 1274 2043 ne
1291 1993 1396 2042 exscin-

403 2058 504 2106 damini
516 2059 552 2107 ob
565 2058 730 2123 iniquitatem
743 2059 802 2122 ejus
810 2059 824 2079 ‘'
836 2059 945 2126 (Jerem.
960 2061 986 2110 li.
1000 2060 1043 2122 ⁶);

325 2121 343 2146 ¹·
352 2119 474 2172 Deserite
485 2123 620 2182 Babelem,
635 2132 661 2173 et
673 2139 765 2174 eamus
775 2123 886 2188 quisque
898 2125 925 2174 in
938 2135 1036 2175 terram
1049 2137 1143 2179 suam:
1160 2124 1223 2188 qula
1238 2123 1348 2187 pertigit
1359 2125 1394 2173 ad

404 2188 501 2315 C)aelos
521 2189 648 2252 judicium
666 2190 733 2253 ejus,
752 2198 780 2240 et
797 2191 891 2240 extulit
911 2207 940 2241 se
957 2191 1093 2254 usquead
1111 2188 1219 2239 nubee”
1236 2189 1344 2254 (ἵστω.
1364 2189 1391 2240 li.

325 2319 343 2342 “
352 2267 428 2368 Ειίῗο
440 2335 455 2368 e
469 2319 575 2377 Babeie,
590 2320 674 2382 fugite
685 2337 700 2370 e
713 2319 855 2371 Chaldaeis
864 2335 924 2371 curn
936 2336 1002 2371 voce
1012 2330 1123 2377 cautus:
1141 2321 1257 2370 indioete
1268 2328 1296 2368 et
1306 2319 1393 2368 audiri

403 2384 482 2434 tacite
494 2387 553 2444 hoc,
563 2385 679 2448 proferte
687 2387 738 2436 hoc
747 2401 830 2450 usque
839 2387 874 2436 ad
883 2388 1079 2437 extremitatem
1089 2397 1191 2444 terrm
1207 2385 1296 2444 dieite,
1308 2383 1394 2435 Rede-

403 2451 451 2500 mit
462 2449 607 2515 Jelrovah”
619 2451 704 2516 (Esaj.
718 2452 800 2502 xlviii.
813 2465 853 2511 20,
867 2465 915 2513 213
935 2454 1030 2518 Jaerem.
1041 2452 1059 2501 1.
1074 2452 1107 2514 Β).

331 2595 427 2682 761.
452 2607 465 2674 [
474 2607 537 2656 Vm.
552 2605 590 2672 5.]
615 2593 786 2664 “Quoniam
797 2593 993 2677 pertigerunt
1003 2593 1070 2676 elue
1087 2597 1222 2673 potente
1237 2609 1334 2673 utque
1346 2591 1396 2677 ‚ud

270 2682 405 2756 caelum,
430 2687 464 2746 et
484 2683 667 2746 nutriatur
691 2677 742 2747 est
763 2683 844 2748 deus
868 2683 1081 2767 injustitiarum
1104 2681 1208 2765 ejue,''
1224 2678 1394 2764 significat

269 2777 363 2859 quod
377 2775 467 2839 mala
484 2784 517 2838 et
524 2773 626 2854 salsa
642 2798 753 2839 eorum
771 2776 929 2856 tufestent
946 2775 974 2841 C
974 2776 1073 2851 aelus,
1093 2786 1125 2839 ct
1142 2774 1233 2856 quod
1246 2773 1305 2836 hos
1322 2773 1391 2836 Do-

270 2870 381 2935 minus
402 2892 425 2933 α
447 2867 602 2932 violentia
624 2870 699 2933 inde
721 2879 892 2933 tutaturus
913 2870 1076 2934 sit—Per
1106 2869 1195 2951 quod
1221 2873 1394 2949 “peccata

270 2964 342 3045 ejus
361 2964 560 3047 pertigerint
579 2964 622 3026 ad
641 2962 794 3038 Caelos,”
809 2963 1018 3045 significatur
1035 2964 1125 3046 quod
1146 2960 1235 3026 mala
1254 2970 1289 3024 et
1308 2959 1394 3023 fal-sa

270 3058 407 3124 illorum
438 3057 599 3121 infestent
632 3058 774 3140 angelos
804 3057 918 3135 Caeli;
953 3077 1012 3140 per
1043 3058 1134 3140 quod
1167 3055 1393 3120 “recordatus

270 3154 317 3216 sit
334 3152 425 3215 Deus
437 3150 673 3233 injustitiarum
686 3151 785 3232 ejus,”
797 3150 1006 3233 significatur
1019 3151 1109 3233 quod
1126 3150 1292 3213 Dominus
1305 3146 1392 3211 Cae-

271 3246 325 3309 los
343 3266 388 3310 ex
406 3246 569 3309 violentia
586 3246 664 3309 inde
684 3255 855 3309 tutaturus
873 3247 927 3309 sit.
973 3244 1074 3326 Quod
1095 3244 1179 3307 haec
1199 3240 1392 3325 significen-

270 3350 327 3403 tur
347 3360 406 3422 per
428 3339 486 3402 illa
508 3340 621 3413 verba,
641 3350 694 3403 est
717 3341 794 3422 quia
816 3342 931 3402 omnia
952 3340 987 3402 in
1006 3337 1118 3402 Caelis
1142 3349 1220 3402 sunt
1243 3336 1334 3400 bona
1356 3346 1392 3399 et

269 3456 362 3511 vera,
377 3443 412 3498 et
428 3436 541 3498 omnia
556 3435 590 3497 in
607 3434 749 3497 Iniernis
761 3444 839 3498 sunt
854 3433 944 3497 mala
955 3444 990 3497 et
1003 3433 1097 3508 salsa,
1111 3442 1147 3496 et
1159 3432 1237 3495 inde
1250 3429 1343 3495 Caeli
1356 3440 1392 3495 et

271 3528 397 3592 Inferni
416 3548 551 3610 prorsus
569 3529 715 3609 separati
735 3538 824 3601 sunt,
844 3537 880 3591 et
903 3530 936 3590 in
956 3530 1023 3590 situ
1044 3528 1179 3591 inverso
1197 3527 1283 3589 sicut
1302 3526 1391 3587 anti-

270 3622 397 3706 podes:
422 3640 524 3704 quare
541 3642 608 3685 non
625 3632 767 3703 possunt
780 3622 871 3685 mala
886 3632 921 3685 et
937 3620 1022 3685 falsa
1034 3622 1227 3703 pertingere
1245 3619 1288 3681 ad
1305 3618 1392 3682 Cae-

271 3716 344 3794 los;
368 3716 428 3779 sed
445 3726 560 3778 tamen
577 3735 652 3779 cum
666 3715 756 3778 mala
771 3726 806 3779 et
822 3715 907 3779 ialsa
920 3714 1007 3778 ultra
1019 3715 1144 3796 gradus
1156 3711 1390 3795 oppositionis,

270 3820 309 3875 et
324 3811 401 3873 inde
414 3809 541 3892 justam
557 3827 760 3883 mensuram,
778 3807 1056 3890 multiplicantur,
1071 3806 1273 3870 infestantur
1285 3804 1390 3877 Caeli,

270 3915 308 3969 et
328 3904 391 3968 nisi
410 3914 489 3967 tunc
507 3902 673 3967 Dominus
690 3912 820 3967 tutatur
836 3902 970 3976 Caelos,
987 3903 1077 3985 quod
1096 3900 1134 3965 fit
1153 3922 1212 3983 per
1228 3898 1391 3963 influxum

270 4000 445 4063 fortiorem
458 4017 478 4060 a
491 3996 545 4071 Se,
556 3996 718 4059 violentia
730 3996 868 4059 infertur
879 3995 989 4060 Caelis
1001 4018 1009 4074 ;
1028 4006 1063 4060 et
1076 4014 1153 4059 cum
1166 3995 1230 4057 hoc
1244 3994 1287 4056 ad
1300 4012 1391 4055 sum-

272 4112 365 4157 mum
389 4092 553 4175 pervenit,
577 4101 658 4154 tunc
682 4090 851 4155 Ultimum
872 4089 1038 4171 Judicium
1062 4089 1152 4164 lacit,
1177 4098 1212 4152 et
1237 4088 1283 4149 sic
1308 4086 1391 4149 libe-

270 4194 398 4251 rantur.
444 4184 528 4248 Inde
554 4184 719 4267 estquod
747 4194 906 4267 sequatur
931 4185 964 4246 in
991 4184 1055 4247 hoc
1083 4184 1206 4265 capite,
1232 4179 1393 4243 “Exulta

271 4301 372 4362 super
390 4300 431 4343 ea
447 4277 598 4353 Caelum,
616 4280 693 4361 quia
707 4278 870 4359 judicavit
887 4277 979 4341 Deus
991 4277 1151 4359 judicium
1166 4286 1317 4339 vestrum
1335 4294 1392 4336 su·

271 4394 332 4459 per
354 4373 424 4448 ea,”
436 4370 535 4453 (vers.
553 4371 624 4455 2o);
654 4381 689 4436 et
712 4372 745 4435 in
769 4382 932 4455 sequente
955 4373 1067 4455 capite
1087 4369 1174 4453 (xix.
1190 4390 1275 4433 vers.
1296 4367 1369 4451 1-9)
1382 4390 1404 4448 ;-

271 4478 309 4533 et
327 4468 416 4551 apud
435 4466 631 4543 Jeremiam,

324 4618 341 4640 ¹·
349 4592 527 4665 T'unccanent
535 4629 615 4677 super
622 4614 720 4664 Babele
729 4612 801 4664 Caeli
812 4623 838 4664 et
848 4612 957 4672 Terrae,
968 4623 995 4663 et
1004 4627 1084 4664 omne
1094 4613 1166 4677 quod
1176 4613 1202 4661 in
1213 4611 1274 4670 illis,
1283 4608 1391 4675 quando

403 4680 513 4729 venient
524 4694 604 4743 super
615 4680 688 4730 illam
700 4689 849 4729 vastatores
856 4678 871 4698 '’
883 4678 920 4742 (li.
934 4679 985 4742 48).
