3384 5400
301 694 364 762 544
621 689 869 744 nrocmrrsrs
891 688 1102 740 neumam.

298 865 464 928 cruciatus
481 863 513 926 in
531 861 666 926 Inierno
681 871 733 924 est
750 881 795 924 ex
811 861 875 923 illis
891 861 1007 934 tribus,
1020 858 1097 922 ideo
1109 858 1239 933 dicitur,
1254 855 1419 923 “Crucia-

298 960 387 1022 bitur
402 959 481 1040 igne
500 968 535 1020 et
555 956 722 1039 sulphure,
740 965 775 1019 et
794 955 902 1018 sumus
920 956 1086 1018 cruciatus
1104 953 1237 1017 illorum
1255 954 1419 1017 ascendet

298 1055 332 1116 in
348 1051 483 1116 saecula
495 1049 731 1114 saeculorum.”
775 1049 908 1113 Dicitur
920 1056 1062 1112 “coram
1076 1046 1220 1130 Angelis
1236 1057 1271 1112 et
1284 1046 1419 1134 Agno‚”

298 1149 375 1230 quia
394 1166 526 1210 amores
544 1145 591 1208 iiii
610 1155 687 1208 sunt
707 1154 826 1207 contra
850 1144 974 1206 Divina
992 1143 1085 1206 Vera
1102 1154 1138 1207 et
1156 1153 1277 1207 contra
1300 1142 1419 1205 Domi·

299 1262 378 1305 num
398 1241 465 1322 Qui
487 1250 539 1304 est
563 1239 734 1315 Verbum3
763 1258 822 1320 per
846 1237 1054 1319 “Angelos'’
1077 1238 1166 1300 enim
1189 1236 1421 1318 significantur

299 1336 422 1399 Divina
441 1334 542 1408 Vera,
562 1335 639 1416 quia
661 1341 739 1395 sunt
762 1333 964 1413 recipientes
988 1331 1035 1412 (n.
1058 1331 1153 1412 170);
1176 1340 1213 1394 et
1235 1351 1294 1412 per
1313 1330 1419 1412 “Ag-

300 1451 379 1494 num
388 1431 403 1456 ”
426 1428 632 1511 significatur
655 1427 820 1490 Dominus
842 1428 955 1509 quoad
983 1426 1142 1489 Divinum
1166 1425 1360 1490 Humanum
1383 1436 1420 1490 et

299 1525 398 1589 simul
421 1523 530 1608 quoad
555 1521 705 1585 Verbum
731 1519 777 1602 (n.
805 1520 900 1603 595):
925 1521 1014 1603 quod
1038 1521 1205 1584 cruciatus
1226 1521 1260 1582 in
1283 1520 1420 1584 Iniernu

299 1622 367 1684 sint
383 1641 427 1683 ex
444 1613 642 1700 supradiliis
657 1615 836 1690 amoribus,
851 1624 886 1678 et
899 1614 988 1699 quod
1004 1615 1038 1678 in
1053 1613 1118 1678 illis
1133 1616 1201 1678 sint
1213 1615 1269 1697 qui
1284 1616 1318 1678 in
1335 1614 1419 1677 Fide

300 1722 457 1796 separata
474 1733 495 1774 a
513 1709 698 1785 Charitate',
717 1709 872 1773 videatur
891 1730 991 1791 supra
1011 1707 1058 1790 (n.
1075 1725 1150 1787 421,
1172 1723 1243 1789 502,
1264 1705 1375 1790 5911¹¹).

359 1817 458 1898 637.
486 1819 504 1850 ¹¹
512 1814 551 1876 fr
561 1830 620 1874 non
634 1810 787 1873 iniciunt
798 1810 936 1892 requiem
946 1810 997 1873 diu
1011 1816 1045 1873 ci
1057 1816 1148 1873 acciu
1162 1810 1328 1873 aronam
1342 1811 1421 1873 Bes-

301 1902 373 1965 rium
388 1909 422 1965 ci
439 1901 600 1984 imaginem
614 1900 692 1983 ejus,
707 1906 741 1962 ci
758 1899 792 1963 si
802 1901 871 1982 quis
892 1899 1052 1982 accepere?
1063 1900 1280 1962 characem
1293 1900 1420 1964 nominis

300 1991 404 2074 ejus,''
418 1991 586 2075 significat
607 1999 734 2053 statum
750 1998 950 2071 perpetuum
971 1991 1008 2052 in
1022 1989 1214 2071 injucundis
1228 1989 1324 2070 apud
1339 1989 1419 2054 illos

300 2085 360 2166 qui
374 2092 555 2166 agnoscunt
575 2081 670 2146 illam
682 2081 789 2165 fidem
810 2092 842 2145 et
864 2081 1025 2163 recipiunt
1040 2081 1226 2144 doilrinam
1247 2083 1326 2164 ejus,
1344 2102 1418 2144 con-

296 2179 444 2262 firmant
461 2178 565 2252 illam,
583 2186 616 2240 et
633 2175 749 2239 vivunt
764 2177 938 2239 secundum
953 2175 1164 2239 illam—Per
1180 2183 1275 2238 “non
1295 2176 1419 2241 habere

300 2275 449 2356 requiem
465 2273 521 2336 diu
539 2281 574 2335 et
594 2267 719 2334 noliu”
735 2271 943 2352 significatur
958 2280 1068 2334 status
1086 2269 1219 2333 illorum
1238 2281 1419 2352 perpetuus

300 2370 332 2431 in
352 2367 538 2449 injucundis
560 2375 638 2448 post
658 2375 815 2439 mortem,
835 2366 912 2447 quia
931 2385 1013 2428 mox
1037 2365 1125 2447 prius
1143 2364 1265 2427 dicitur
1282 2363 1326 2427 de
1344 2384 1419 2427 cru·

301 2464 390 2526 ciatu
413 2461 564 2524 illorum:
593 2480 652 2543 per
675 2459 758 2522 “diu
781 2468 816 2522 et
840 2456 966 2522 no&u”
988 2456 1195 2540 significatur
1216 2459 1308 2520 omni
1331 2467 1418 2521 tem·

300 2577 392 2639 pore,
409 2557 492 2620 etin
509 2553 671 2636 spirituaii
687 2551 794 2617 Sensu
809 2554 842 2616 in
859 2554 950 2616 omni
966 2563 1068 2629 statu,
1084 2554 1132 2616 ita
1150 2564 1324 2635 perpetuo,
1341 2572 1418 2615 nam

302 2649 425 2714 “dies'’
448 2659 483 2713 et
508 2655 606 2712 “nox
615 2647 629 2673 ”
652 2649 686 2711 in
709 2668 750 2712 eo
773 2645 882 2711 Sensu
904 2646 1096 2729 significant
1123 2658 1233 2712 status
1256 2648 1347 2713 vitae
1371 2647 1418 2730 (n.

305 2762 373 2819 101,
392 2744 480 2826 476).
526 2741 627 2824 Quod
646 2763 704 2825 per
726 2743 895 2805 “adorare
914 2742 1064 2805 Bestiam
1082 2752 1117 2806 et
1136 2743 1317 2824 imaginem
1337 2742 1417 2823 ejus,

301 2851 335 2902 et
359 2840 510 2921 accipere
533 2834 762 2901 charalierem
786 2838 930 2899 nominis
952 2836 1044 2918 ejus'¹
1066 2835 1272 2918 significetur
1293 2856 1418 2918 agnos-

301 2954 377 2997 cere
396 2932 487 2995 iliam
506 2930 617 3005 fidem,
637 2931 785 3013 recipere
803 2927 992 2993 doe'irinam
1011 2930 1090 3011 ejuS,
1110 2930 1310 2994 confirmare
1327 2930 1419 2995 illam

300 3028 390 3109 apud
408 3048 454 3102 se,
472 3036 507 3089 et
525 3027 637 3088 vivere
656 3024 839 3087 secundum
859 3024 962 3101 illam,
979 3026 1131 3089 videatur
1149 3046 1248 3108 supra
1264 3024 1312 3109 (n.
1326 3024 1417 3108 634),

301 3121 355 3185 ubi
375 3120 494 3183 similia
512 3120 678 3183 dicuntur.

360 3222 463 3305 638.
488 3232 572 3300 [Vm.
589 3232 640 3299 12.]
666 3227 685 3257 ¹¹
694 3220 774 3283 mom
786 3220 936 3301 parientia
950 3226 1129 3285 emulorum
1148 3227 1207 3295 aci,
1221 3222 1271 3285 lvio
1286 3222 1421 3286 cusiodi-

300 3318 390 3374 cums
399 3312 544 3374 mundum
555 3310 745 3374 Briseidem
753 3310 868 3383 «lesu,''
877 3310 1045 3392 significat
1054 3311 1244 3392 quodlcomo
1252 3310 1421 3375 Ecclesiae

299 3404 439 3467 Domini
452 3413 516 3486 per
533 3404 726 3468 tentatcimes
748 3402 790 3466 ab
813 3402 883 3465 illis
905 3402 1095 3482 exploretur
1111 3403 1222 3484 qualis
1244 3414 1295 3467 est
1311 3404 1423 3485 quoad

300 3498 406 3561 vitam
427 3498 602 3562 secundum
619 3506 798 3577 praecepta
824 3495 925 3559 Verbi
941 3507 974 3559 et
994 3498 1105 3578 quoad
1117 3497 1225 3581 fidem
1245 3498 1281 3560 in
1302 3496 1418 3560 Domi-

301 3591 533 3674 num-Quod
550 3592 633 3654 hacc
646 3590 877 3672 significentur
890 3591 1018 3673 petilia
1030 3593 1142 3666 verba,
1156 3592 1309 3655 videatur
1320 3612 1420 3674 supra

302 3686 349 3768 (n.
376 3686 472 3767 593);
497 3706 555 3769 per
575 3686 774 3748 “custodire
798 3684 983 3747 mandata'’
1005 3685 1211 3767 significatur
1232 3688 1345 3750 vivere
1368 3708 1421 3750 se·

301 3782 447 3843 cundum
467 3789 657 3864 praecepta,
674 3798 760 3860 quae
778 3778 811 3840 in
827 3780 1008 3842 summario
1024 3781 1239 3843 continentur
1255 3782 1288 3843 in
1308 3780 1419 3843 Deca-

301 3876 392 3956 log0‚
412 3884 447 3939 et
466 3895 525 3957 per
545 3872 676 3937 “fidem
693 3872 795 3953 Jesu''
814 3869 1020 3953 significatur
1037 3870 1121 3936 fides
1139 3874 1172 3936 in
1196 3873 1320 3957 Ipsum,
1340 3894 1419 3939 nam

300 3969 347 4031 iiii
367 3967 467 4032 fidem
486 3969 613 4032 habent
631 3988 651 4030 a
669 3966 828 4039 Domino,
849 3988 934 4049 quae
947 3965 1035 4049 ‘fides
1054 3977 1106 4031 est
1126 3966 1208 4031 fides
1225 3968 1313 4049 Jesu.

360 4072 465 4152 639.
490 4079 645 4147 [Vers.13.]
671 4068 737 4130 “fr
758 4067 860 4129 crudiri
882 4086 984 4131 mecm
1006 4085 1026 4129 c
1048 4068 1141 4131 vualo
1165 4070 1315 4133 {licerium
1338 4070 1419 4143 milu',

301 4158 420 4232 Scribe,
443 4158 535 4222 Bauli
552 4158 666 4220 mortui
683 4156 714 4219 in
736 4156 858 4219 domino
878 4157 1044 4220 moriem
1068 4177 1088 4220 a
1109 4159 1227 4231 nun0,''
1250 4158 1419 4240 significat

296 4251 555 4333 praediliioncm
576 4272 599 4313 a
620 4248 760 4313 Domino
779 4249 820 4312 dr
841 4258 932 4312 statu
954 4248 1087 4313 illorum
1103 4260 1184 4331 post
1204 4261 1341 4314 mrtem
1361 4250 1423 4332 qui

301 4345 434 4408 eNova
450 4344 597 4408 Ecclesia
614 4343 727 4424 Ipsius
745 4352 851 4417 erunt,
870 4354 1029 4424 quaeest,
1048 4344 1138 4425 quod
1151 4343 1221 4407 illis
1239 4344 1299 4425 qui
1313 4354 1419 4407 tenta-

302 4439 404 4501 tiones
412 4440 591 4519 patiuntur
596 4448 737 4519 propter
738 4437 845 4520 fidem
857 4438 891 4499 in
900 4436 1077 4499 Dominum
1086 4446 1120 4499 et
1128 4438 1234 4499 vc'tam
1245 4437 1420 4504 scandum

297 4542 475 4615 praccepta
496 4531 620 4614 Ipsius,
640 4531 711 4595 vita
733 4541 765 4594 et
777 4531 928 4611 felicitas
946 4541 1081 4595 aetem
1097 4531 1258 4594 sci-Per
1278 4530 1418 4592 “audire

302 4647 422 4690 vocem
438 4647 456 4689 e
469 4625 573 4689 Caelo
588 4626 758 4688 dicentem
767 4624 782 4649 ”
793 4623 1001 4706 significatur
1016 4622 1199 4706 praedidiio
1214 4645 1235 4687 a
1249 4623 1417 4696 Domino:
