3384 5400
484 658 563 709 cnr.
580 658 696 720 xvru,
713 658 816 709 vens.
836 657 962 727 17.-u.
978 643 1050 726 786.
1261 645 1326 727 689

199 826 290 891 raria
305 846 365 890 sua
381 825 557 910 colligunt,
575 836 611 891 ut
627 835 661 890 et
678 826 919 909 possessiones,
936 846 975 889 ac
992 846 1053 909 pro
1069 824 1132 889 illis
1148 836 1325 909 reportant

199 918 460 987 benedictiones
482 933 517 985 et
547 920 815 986 beatificationes
838 930 875 984 ut
899 923 1028 996 merita,
1052 932 1087 985 et
1117 921 1183 984 alia
1205 922 1325 985 similia

199 1027 290 1097 qua‘e
309 1036 370 1099 pro
388 1017 563 1081 animabus
580 1017 648 1079 suis
665 1015 869 1079 desiderant.
914 1015 960 1079 Et
980 1035 1056 1079 cum
1075 1015 1108 1079 hi
1128 1016 1323 1097 intelligun-

200 1121 269 1184 tur,
289 1120 386 1192 patet
409 1110 500 1194 quod
523 1131 582 1192 per
601 1116 766 1173 “omnem
785 1110 1048 1191 gubernatorem
1057 1110 1071 1135 ”
1090 1110 1325 1191 intelligantur

199 1206 327 1269 summi
341 1225 468 1280 eorum,
486 1225 545 1286 per
561 1210 726 1268 “omnem
742 1214 935 1267 versantem
953 1224 1052 1287 super
1068 1204 1208 1268 navibus
1216 1205 1235 1269 ’-’,
1249 1224 1323 1269 om·

200 1318 265 1363 nes
277 1300 311 1361 in
323 1299 663 1363 officiissubordinati
673 1298 749 1373 illis,
760 1308 795 1361 et
808 1318 867 1380 per
878 1305 897 1331 ‘¹
910 1310 1029 1363 nautas
1037 1300 1052 1323 ”
1064 1298 1176 1362 infimi.
1221 1298 1323 1380 Quod

199 1414 263 1475 per
279 1399 300 1428 ‘⁶
310 1393 436 1457 naves”
452 1391 682 1474 significentur
691 1412 827 1456 >merces
839 1392 1030 1475 spirituales
1044 1413 1129 1475 quae
1145 1403 1224 1457 sunt
1240 1414 1322 1476 cog·

200 1487 351 1551 nitiones
372 1488 442 1551 veri
463 1497 499 1550 et
522 1488 612 1562 boni,
631 1486 785 1550 videatur
806 1506 906 1568 supra
930 1485 978 1568 (n.
995 1485 1095 1570 406);
1122 1486 1175 1551 hic
1194 1507 1323 1552 merces

199 1580 386 1657 naturales,
405 1591 441 1644 et
459 1590 635 1663 reportant
654 1578 855 1662 spirituales,
875 1590 912 1643 ut
930 1582 1130 1663 opinantur:
1154 1582 1245 1663 quod
1264 1603 1323 1667 per

201 1682 402 1758 “quotquot
420 1695 512 1739 mare
530 1684 712 1757 operantur
719 1674 735 1699 '⁹
749 1674 985 1756 intelligantur
1000 1694 1118 1739 omnes
1135 1677 1323 1759 quicunque

199 1771 281 1845 sint,
302 1771 357 1852 qui
380 1768 590 1851 Religiosum
612 1768 695 1847 illud
712 1778 830 1831 amant
854 1778 889 1833 et
912 1768 1118 1844 osculantur,
1138 1780 1197 1833 aut
1220 1773 1323 1835 corde

198 1873 396 1946 agnoscunt
418 1873 453 1926 et
472 1873 685 1937 venerantur,
704 1872 758 1925 est
776 1863 855 1946 quia
873 1882 932 1945 per
952 1868 1072 1926 “mare
1080 1863 1095 1887 ”
1114 1862 1322 1945 significatur

200 1956 416 2038 Religiosum
438 1956 530 2029 illud,
551 1978 609 2039 per
633 1955 777 2020 “mare''
799 1958 889 2020 enim
912 1956 1120 2039 significatur
1141 1968 1321 2024 externum

200 2051 380 2115 Ecclesiae
397 2050 565 2133 (videatur
579 2070 689 2133 supra,
703 2071 736 2114 m
751 2052 823 2131 238,
840 2066 912 2132 290,
928 2050 1102 2133 403-405l¹¹
1114 2068 1187 2133 470,
1203 2052 1322 2135 565½l¹¹

198 2147 275 2227 659,
294 2144 385 2227 661),
405 2156 449 2209 et>
464 2145 674 2227 Religiosum
693 2146 757 2209 hoc
776 2154 829 2208 est
849 2164 940 2209 mere
959 2156 1149 2210 externum.
1180 2146 1322 2211 ,Similia

199 2238 435 2322 significantur
453 2260 512 2322 per
529 2240 613 2303 haec
631 2239 720 2322 apud
737 2238 878 2323 Esajam
889 2261 903 2302 .·

253 2397 272 2419 “
279 2394 323 2445 Sic
330 2395 396 2444 dixit
403 2393 524 2459 Jehovah
535 2394 700 2458 Redemptor
705 2404 805 2454 uester,
815 2390 930 2447 Sanctus
940 2394 1047 2445 Israelis
1056 2410 1062 2446 ε
1083 2394 1195 2459 Propter
1202 2410 1251 2447 vos
1260 2398 1321 2447 misi

334 2461 362 2509 in
373 2460 508 2517 Babelem,
519 2469 546 2509 et
557 2460 682 2523 dejiciam
691 2458 782 2511 vectes
793 2475 898 2519 omues,
909 2474 1022 2525 quorum
1034 2462 1061 2509 ln
1073 2460 1192 2511 Navibus
1203 2460 1321 2524 clamor;

333 2525 654 2653 paicmrlppxtHJiiehppapgssul
669 2527 732 2576 dedi
745 2527 773 2575 in
786 2525 853 2577 mari
866 2526 946 2586 vlam,
959 2536 986 2576 et
1001 2527 1031 2577 iu
1047 2528 1123 2591 aquis
1136 2527 1231 2579 validis
1243 2530 1322 2578 semi.

200 2747 323 2812 dicitur
340 2745 496 2820 “clamor
511 2747 544 2808 in
560 2743 730 2820 navibus,”
741 2754 778 2810 ut
794 2765 927 2829 quoque
943 2746 1007 2822 hic,
1024 2748 1114 2830 quod
1132 2750 1321 2813 “steterint

199 2862 220 2906 e
244 2841 431 2923 longinquo
453 2851 489 2904 et
512 2861 531 2904 e
555 2841 694 2904 navibus
717 2839 982 2905 clamaverint:''
1016 2851 1051 2906 et
1074 2861 1207 2926 quoque
1230 2841 1320 2926 apud

199 2933 403 2998 Ezechielem
414 2957 428 2997 .·

250 3080 320 3131 “Ad
337 3095 430 3132 vocem
447 3079 574 3130 clamoris
589 3079 788 3130 -Nauclerorum
806 3090 914 3129 tuorum
931 3081 1140 3130 contremiscent
1156 3080 1316 3137 suburbana,

330 3156 357 3195 et
368 3147 531 3196 descendent
542 3161 558 3194 e
570 3147 682 3195 navibus
692 3142 879 3196 suls1⁸10mnes
889 3156 1012 3196 tenentes
1022 3160 1134 3202 remum,
1146 3160 1240 3194 omnes
1254 3160 1319 3194 nau-

329 3221 373 3261 tae
384 3221 411 3261 et
423 3211 540 3261 naucleri
551 3212 641 3268 maris,
653 3222 680 3261 et
691 3226 773 3274 super
783 3222 810 3261 te
821 3212 976 3261 clamabunt
987 3225 1078 3260 amare
1086 3211 1100 3230 ”
1110 3210 1200 3272 (xxvii.
1211 3211 1318 3270 28-3o);

196 3365 257 3430 sed
274 3363 359 3427 haec
375 3364 419 3427 de
432 3363 669 3435 devastatione
681 3361 773 3442 Tyri,
788 3382 846 3444 per
862 3381 960 3444 quam
974 3359 1181 3442 significatur
1194 3359 1315 3424 Eccle-

197 3463 248 3523 sia
263 3459 375 3541 quoad
390 3459 602 3539 cognitiones
617 3457 687 3523 veri
702 3467 737 3520 et
753 3457 843 3519 boni.
888 3455 940 3518 At
958 3455 1133 3519 sciendum
1148 3465 1212 3530 est,
1226 3456 1316 3538 quod

197 3575 269 3618 non
283 3552 340 3616 alii
358 3553 410 3616 hic
427 3551 671 3633 intelligantur,
687 3571 788 3634 quarn
803 3551 860 3633 qui
875 3549 1085 3630 Religiosum
1102 3549 1184 3612 illud
1199 3561 1316 3614 amant

198 3661 234 3713 et
250 3648 456 3721 osculantur,
469 3656 527 3708 aut
542 3645 644 3708 corde
656 3654 846 3725 agnoscunt
863 3653 899 3707 et
916 3653 1127 3707 venerantur.
1173 3643 1224 3706 At
1237 3665 1317 3707 vero

199 3744 246 3807 illi
257 3763 303 3806 ex
313 3741 433 3806 eodem
444 3740 628 3820 Religioso,
638 3741 695 3821 qui
705 3739 840 3822 quidem
851 3748 1041 3819 agnoscunt
1054 3737 1147 3813 illud,
1158 3739 1235 3820 quia
1246 3741 1318 3804 nati

199 3848 234 3902 et
246 3837 383 3900 educati
396 3836 431 3899 in
443 3833 535 3908 illud,
548 3843 584 3896 et
597 3853 665 3897 non
677 3835 787 3896 sciunt
799 3832 925 3916 aliquid
938 3833 981 3895 de
993 3833 1125 3896 astutiis
1139 3843 1174 3896 et
1190 3831 1318 3915 laqueis

200 3950 317 3996 eorum
328 3930 371 3993 ad
387 3928 687 4009 arrogandumsibi
697 3927 830 3990 cultum
848 3927 1017 4001 Divinum,
1031 3938 1066 3990 et
1082 3929 1125 3990 ad
1142 3927 1317 4010 possiden·

200 4026 282 4088 dum
293 4025 407 4087 omnia
417 4023 566 4086 omnium
581 4023 615 4086 in
630 4022 768 4096 mundo,
781 4033 817 4086 et
833 4043 937 4104 usque
950 4022 1038 4084 bona
1050 4021 1176 4084 iaciunt
1192 4043 1236 4086 ex
1250 4022 1317 4086 sin·

200 4140 280 4183 cero
290 4119 403 4192 corde,
416 4127 452 4180 et
467 4136 600 4199 quoque
611 4115 728 4180 oculos
740 4136 819 4180 suos
831 4116 875 4180 ad
892 4116 1074 4180 Dominum
1087 4127 1271 4190 verterunt,
1285 4117 1319 4179 hi

201 4224 279 4297 post
295 4222 441 4276 mortem
459 4212 546 4274 inter
564 4210 684 4274 beatos
699 4213 849 4285 veniunt,
867 4231 944 4274 nam
963 4209 1118 4276 instructi
1136 4212 1180 4274 ibi
1199 4212 1318 4294 recipi·

202 4319 263 4372 unt
285 4308 457 4380 veritates,
480 4325 519 4368 ac
546 4305 698 4387 rejiciunt
723 4306 956 4368 adorationem
981 4305 1093 4387 Papae
1119 4315 1155 4369 et
1185 4306 1320 4368 invoca·

203 4405 331 4466 tionem
349 4397 562 4474 Sanctorum,
580 4409 626 4464 et.
638 4409 830 4482 agnoscunt
849 4399 1032 4462 Dominum
1051 4419 1112 4482 pro
1131 4399 1207 4464 Deo
1225 4398 1320 4462 Caeli

204 4509 239 4560 et
257 4495 395 4570 Terrae,
413 4493 589 4558 elevantur
610 4495 644 4557 in
663 4492 814 4569 Caelum,
833 4504 869 4557 et
892 4492 977 4556 fiunt
995 4487 1127 4574 angeli:
1152 4483 1254 4576 quare
1273 4513 1318 4556 ex

204 4591 269 4655 illis
283 4589 392 4654 etiam
409 4597 487 4652 sunt
508 4587 621 4672 piures
637 4590 822 4652 societates
840 4587 1005 4652 caelestes
1028 4589 1061 4651 in
1080 4588 1206 4652 mundo
1224 4588 1318 4670 spiri·
