3384 5400
307 567 366 635 572
386 596 387 599 =
628 569 874 621 APOCALYPSIS
898 569 1109 620 REVELATA.

304 749 480 821 agnoscent
506 738 685 804 Dominum
712 741 825 806 Solum
854 739 1076 805 Deum-Per
1103 747 1249 805 “omnes
1273 741 1426 824 'gentes’'

304 834 536 916 significantur
558 837 614 917 qui
636 836 669 898 in
693 837 784 899 bono
806 838 929 900 amoris
952 847 987 900 et
1010 836 1185 899 charitatis
1208 848 1307 913 sunt;
1334 838 1425 919 quod

304 927 337 990 hi
357 949 416 1010 per
433 929 613 1010 “gentes,”
630 932 709 993 dum
728 932 761 993 in
778 951 878 993 sensu
894 932 995 1005 bono,
1012 931 1255 1012 intelligantur,
1272 932 1426 996 videatur

304 1043 403 1104 supra
424 1021 471 1104 (n.
489 1023 588 1105 483);
612 1044 671 1105 per
691 1026 832 1088 “venire
850 1035 886 1088 et
904 1026 1045 1088 adorare
1063 1045 1176 1088 coram
1199 1025 1279 1107 Ipso
1287 1026 1302 1049 ”
1320 1028 1424 1108 signi·

304 1116 423 1182 ficatur
449 1139 635 1200 agnoscere
665 1118 850 1183 Dominum
877 1139 937 1201 pro
965 1118 1059 1195 Deo;
1094 1129 1129 1182 et
1156 1121 1233 1201 quia
1260 1141 1343 1182 unus
1371 1131 1425 1185 est

304 1211 407 1287 Deus,
435 1214 467 1275 in
494 1233 562 1295 quo
588 1213 747 1289 Trinitas,
775 1224 810 1276 et
841 1213 1008 1277 Dominus
1033 1225 1086 1277 est
1109 1213 1191 1290 ·Ille,
1218 1215 1426 1297 significatur

304 1326 489 1388 agnoscere
509 1307 622 1389 Ipsum
642 1307 757 1372 Solum
778 1309 898 1372 Deum.

363 1399 469 1463 668.
490 1401 515 1434 '⁸
525 1399 600 1468 Ouio
608 1399 725 1480 judicio
743 1400 805 1463 Tuo
818 1401 1019 1463 manifestato
1032 1401 1142 1472 *ΜΓ
1154 1399 1323 1481 significat
1339 1399 1429 1481 quod

302 1511 384 1553 vera
410 1490 511 1554 Verbi
525 1501 642 1572 aperta
659 1492 700 1555 id
713 1493 990 1556 testatum—Per
1006 1491 1155 1573 “judicia
1162 1491 1178 1517 ”
1193 1491 1425 1572 significantur

305 1583 428 1647 Divina
446 1585 548 1660 Vera,
565 1589 750 1650 secundum
769 1607 856 1670 quae
874 1588 977 1650 homo
995 1585 1142 1650 victurus
1160 1596 1225 1660 est,
1241 1607 1286 1649 ex
1305 1586 1424 1668 quibus

304 1681 518 1760 cognoscitur
540 1680 647 1763 qualis
674 1692 737 1755 est,
761 1691 796 1744 et
820 1682 1005 1744 secundum
1028 1701 1114 1763 quae
1137 1680 1358 1761 judicabitur;
1388 1691 1425 1744 et

304 1773 381 1854 quia
408 1773 490 1836 haec
518 1774 641 1838 Divina
665 1773 757 1838 Vera
783 1777 816 1838 in
842 1775 960 1838 Verbo
982 1784 1072 1847 sunt,
1097 1785 1133 1837 et
1158 1773 1309 1836 Verbum
1336 1794 1423 1837 nune

303 1868 457 1948 apertum
476 1877 538 1942 est,
556 1878 591 1931 et
610 1869 674 1932 hoc
695 1879 841 1932 testatur
857 1869 947 1951 quod
967 1868 1133 1931 Dominus
1152 1865 1251 1930 Solus
1269 1868 1312 1929 sit
1333 1867 1424 1930 Deus
1444 1944 1446 1949 Ι

304 1960 396 2025 Caeli
423 1973 458 2025 et
485 1961 621 2037 Terrae,
645 1963 722 2026 ideo
748 1983 807 2045 per
831 1964 936 2044 “quia
959 1962 1082 2043 judicia
1108 1962 1183 2025 Tua
1209 1961 1425 2025 manifestata

304 2055 405 2118 sunt”
418 2055 624 2138 significatur
636 2059 712 2139 quia
728 2079 807 2120 vera
823 2057 928 2121 Verbi
945 2058 978 2120 id
995 2066 1173 2119 testantur.
1219 2054 1319 2136 Quod
1337 2055 1424 2119 Ver-

303 2151 381 2212 bum
401 2170 488 2212 nunc
508 2161 662 2232 apertum
685 2153 738 2226 sit,
759 2161 794 2214 et
813 2152 904 2233 quod
927 2152 959 2214 id
982 2160 1127 2214 testetur
1145 2150 1235 2233 quod
1260 2149 1424 2212 Dominus

303 2241 402 2307 Solus
420 2246 464 2307 sit
489 2244 580 2306 Deus
599 2243 691 2308 Caeli
714 2255 749 2308 et
769 2245 905 2319 Terrae,
925 2246 1082 2327 quodque
1100 2245 1280 2307 vivendum
1303 2245 1347 2306 sit
1371 2263 1423 2306 se·

303 2339 449 2401 cundum
466 2351 646 2421 praecepta
664 2339 781 2421 ipsius,
795 2349 830 2403 et
844 2340 933 2422 quod
951 2338 1033 2401 tides
1046 2339 1208 2401 hodierna
1220 2338 1425 2400 removenda

303 2433 358 2504 sit,
377 2445 534 2496 constare
558 2443 672 2514 potest
696 2455 740 2496 ex
760 2433 909 2511 Quatuor
926 2432 1098 2495 Dolirim's
1121 2452 1208 2494 nunc
1228 2432 1339 2504 editio,
1359 2452 1424 2494 una

302 2528 343 2590 de
359 2527 508 2600 Domino,
525 2527 632 2590 altera
650 2527 691 2590 de
709 2525 887 2608 Scriptura
906 2527 1022 2600 Sacra,
1039 2528 1141 2610 tertia
1158 2526 1199 2588 de
1221 2524 1297 2589 Vita
1312 2547 1423 2588 secun·

302 2621 381 2684 dum
395 2630 572 2703 praecepta
589 2621 754 2703 Decologi,
772 2632 806 2686 et
823 2631 944 2705 quarta
959 2622 999 2684 de
1015 2621 1098 2683 Fide
1108 2644 1120 2682 .·
1143 2621 1226 2684 haec
1244 2632 1321 2683 sunt
1338 2640 1424 2703 quae

302 2716 537 2795 intelliguntur
549 2736 608 2797 per
621 2719 726 2799 “quia
735 2717 858 2797 judicia
870 2716 944 2779 Tua
956 2716 1171 2779 manifestata
1183 2714 1289 2778 sunt.'’
1329 2714 1423 2795 Quo-

303 2812 393 2873 niam
413 2810 577 2873 Dominus
596 2820 648 2873 est
669 2810 826 2875 Divinum
847 2810 979 2873 Bonum
998 2820 1034 2873 et
1054 2810 1211 2872 Divinum
1231 2808 1370 2881 Verum,
1387 2817 1423 2872 et

303 2925 362 2986 per
382 2903 596 2985 “Judicium”
612 2904 819 2986 significatur
838 2905 997 2968 Divinum
1017 2904 1144 2967 Verum
1163 2914 1198 2966 et
1217 2923 1276 2985 per
1292 2902 1422 2983 “justi-

303 3000 385 3062 tiam
395 2997 409 3021 '¹
423 2997 579 3060 Divinum
598 2997 739 3071 Bonum,
753 2998 829 3061 ideo
845 2998 961 3061 multis
978 3000 1010 3061 in
1027 2999 1119 3071 locis,
1133 2998 1188 3061 ubi
1204 2999 1246 3060 de
1263 2996 1422 3071 Domino,

304 3092 425 3157 dicitur
444 3092 607 3172 “Justitia
625 3102 660 3155 et
678 3092 873 3173 Judicium,”
891 3103 927 3156 ut
946 3095 980 3155 in
999 3092 1235 3174 sequentibus:

355 3238 445 3289 “Zion
459 3240 485 3289 in
498 3240 606 3304 Justitia
618 3240 769 3297 redimetur,
782 3248 810 3290 et
822 3241 932 3289 reduces
944 3240 1002 3302 ejus
1014 3240 1041 3287 in
1054 3238 1181 3303 Judicio”
1191 3236 1275 3302 (Esoj.
1288 3239 1304 3288 i.
1317 3237 1374 3299 27);

354 3306 486 3354 “Sedebit
503 3320 583 3367 super
600 3305 711 3353 Throno
729 3304 840 3355 Davidis
857 3316 885 3354 et
901 3320 981 3368 super
999 3305 1094 3366 Regno
1112 3304 1170 3365 ejus
1182 3304 1217 3353 ad
1234 3304 1422 3353 stabiliendum

434 3370 498 3420 illud
511 3371 537 3419 in
551 3370 654 3433 Judicio
666 3381 692 3419 et
704 3370 812 3435 Justitia
820 3370 833 3391 '¹
846 3371 929 3433 (Eros.
942 3371 977 3419 ix.
989 3370 1005 3418 ὀ
1018 3368 1063 3435 [B.
1075 3370 1110 3419 A.
1123 3365 1177 3432 7]);

355 3438 373 3460 “
381 3435 518 3485 Exaltetur
529 3434 650 3499 Jehouah
663 3437 724 3499 quia
740 3436 871 3485 inhabitat
882 3436 975 3495 altum,
989 3446 1016 3484 et
1034 3434 1156 3497 implevit
1168 3430 1306 3483 Zionemffl
1318 3432 1422 3497 Judicio

433 3510 460 3549 et
471 3500 600 3565 Justitia”
612 3500 695 3565 (Esoj.
708 3501 799 3550 xxxiii.
815 3502 855 3563 5);

354 3565 422 3616 “De
434 3567 484 3614 hoc
496 3566 623 3627 glorietur
635 3567 679 3629 qui
696 3567 832 3629 gloriatur,
848 3567 919 3630 quod
931 3566 1053 3631 Jebovah
1065 3565 1145 3614 iaciat
1156 3563 1289 3629 Judicium
1302 3562 1422 3628 et¹Justi·

435 3632 499 3680 tiam
512 3632 539 3679 in
552 3640 622 3680 terra
630 3630 644 3651 ¹'
656 3630 763 3696 (Jerem.
776 3632 810 3681 ix.
823 3645 854 3692 23
868 3628 914 3695 [B.
926 3633 960 3680 A.
972 3628 1043 3694 24]):

355 3696 519 3746 “suscitabo
539 3696 634 3745 Davidi
647 3696 763 3745 Germen
776 3697 886 3759 justum,
901 3697 953 3759 Qui
972 3702 1065 3758 regnet
1078 3694 1144 3753 Rex,
1159 3703 1185 3743 et
1197 3694 1278 3743 iaciat
1288 3694 1421 3759 Judicium

434 3771 460 3810 et
471 3760 604 3826 Justitiam
618 3763 644 3812 in
658 3762 750 3810 terra”
761 3762 869 3825 <Jerem.
881 3762 954 3811 xxiii.
967 3774 996 3821 5:
1014 3776 1072 3823 cap.
1083 3760 1174 3809 xxxiii.
1188 3764 1243 3820 15);

354 3828 372 3851 ¹¹
381 3825 559 3889 Desponsabo
571 3838 597 3876 te
611 3824 705 3875 Mihi¹¹l
718 3828 745 3875 in
757 3826 865 3891 Justitia
876 3836 903 3875 et
914 3826 941 3875 in
954 3825 1079 3890 Judicio”
1092 3826 1196 3886 (Hosch.
1208 3825 1233 3873 ii.
1246 3824 1301 3886 19i;

352 3890 1420 4007 ¹⁸Fluetsicutaquae1⁸l³judiciumetJustitiasicuttorrensfortis¹'(Amosv.24);

351 3963 369 3986 ‘¹
377 3960 506 4025 Jebovah.
520 3959 629 4024 Justitia
665 3974 699 4007 ua
711 3960 779 4007 sicut
792 3968 899 4007 montes
914 3958 973 4017 Dei,
988 3958 1091 4023 Judicia
1103 3960 1163 4008 Tua
1173 3962 1288 4022 abyssos
1300 3961 1420 4023 magna”

431 4025 540 4085 (Psalm.
552 4025 642 4074 xxxvi.
656 4036 669 4083 7
684 4020 729 4089 [B.
742 4025 766 4073 Α
772 4062 777 4074 .
790 4020 844 4087 6]);

351 4090 498 4204 ’Ἵρὴιέγεὴ
511 4092 615 4215 εἳιιὲεῑί
623 4090 691 4138 sicut
708 4090 797 4215 iucergr)
807 4088 942 4153 justitiam
961 4084 1062 4150 tuemiss
1074 4098 1101 4138 et
1112 4088 1247 4154 Judicium
1259 4092 1328 4140 sicut
1343 4092 1421 4141 meri·

450 4171 501 4204 rem
572 4170 759 4204 sam.xxxvn.
806 4169 812 4213 ς

348 4220 470 4287 Jehovah
491 4220 643 4283 “judicabit
664 4220 790 4283 populum
810 4215 911 4269 tuum(⁶¹
928 4220 955 4268 in
973 4218 1091 4284 Justitia,
1110 4228 1137 4269 et
1154 4222 1269 4271 miseros
1287 4218 1374 4271 tuos1⁸l
1392 4223 1419 4272 in

430 4286 536 4350 Judicio
544 4285 558 4305 '¹
570 4284 680 4344 (Psalm.
693 4286 764 4334 lxxii.
780 4284 820 4343 2);

351 4350 487 4481 “Jmitiss
496 4360 523 4401 et
534 4350 666 4415 Judicium
679 4350 793 4400 fulcrum
806 4351 909 4401 Throni
922 4347 1016 4400 Tuiffl’·
1025 4348 1135 4412 (Psalm.
1146 4351 1245 4402 lxxxix.
1257 4348 1314 4412 151¹!
1325 4348 1372 4419 [B.
1381 4355 1417 4405 A.

433 4430 444 4465 1
497 4433 503 4476 ἱ

362 4431 582 4533 ’(3ιιῐῃ4ἀίἀὶοοτο
597 4481 836 4547 JudiciaJnstitiae
848 4481 940 4539 Tuae:
958 4481 1059 4544 septies
1077 4480 1104 4529 in
1122 4480 1166 4531 die
1183 4482 1263 4531 laudo
1281 4482 1321 4532 Te
1339 4498 1420 4548 super

429 4548 540 4613 Judiciis
552 4547 676 4613 Justitiae
689 4548 762 4597 Tuae
771 4546 785 4567 '³
797 4547 907 4610 (Psalm.
918 4548 987 4597 cxix.
999 4558 1023 4607 7,
1037 4546 1110 4609 164),
