3384 5400
594 669 674 721 can.
690 669 762 734 xv„
778 667 882 719 vans.
898 653 1009 718 6.—u.
1024 654 1095 735 671.
1346 667 1404 736 575

345 842 440 923 671.
468 825 595 902 'icini
611 838 672 902 iino
684 838 794 902 munio
814 842 848 901 ei
866 837 1032 918 splendido,
1047 843 1081 900 ei
1092 836 1309 901 circumcincti
1318 838 1407 901 circa

281 935 412 1014 pctore
429 928 517 993 zonis
530 927 673 1002 cursis,''
687 926 855 1010 significat
869 926 929 989 itcc
941 947 985 990 ex
997 927 1090 1012 neris
1104 936 1137 989 et
1151 926 1246 991 bostis
1256 928 1360 1009 puris
1374 937 1408 991 et

280 1021 434 1106 genuinis
455 1019 668 1088 Verbi—Per
682 1019 815 1084 “linum
828 1019 989 1082 mundum
1002 1029 1038 1081 et
1053 1017 1265 1100 splendidum
1274 1019 1289 1043 ”
1301 1020 1406 1101 signi·

284 1117 403 1181 ficatur
424 1116 552 1181 Verum
576 1134 693 1198 purum
716 1123 751 1178 et
775 1114 968 1196 genuinum,
992 1113 1034 1175 de
1057 1133 1125 1194 quo
1147 1113 1316 1195 sequitur;
1347 1134 1407 1195 per

286 1217 435 1275 “zonam
454 1229 589 1274 auream
607 1210 695 1274 circa
717 1205 858 1291 pettus’‘
877 1205 1085 1289 significatur
1105 1206 1264 1270 Divinum
1287 1228 1405 1289 proce·

285 1306 369 1369 dens
387 1315 422 1368 et
442 1303 540 1368 simul
558 1303 777 1384 conjungens,
793 1302 885 1384 quod
903 1311 956 1364 est
976 1301 1134 1363 Divinum
1153 1301 1290 1377 bonum,
1306 1322 1407 1385 supra

287 1399 333 1482 (n.
348 1398 405 1480 46)
420 1420 428 1478 ;
452 1419 511 1482 per
528 1397 669 1462 “indui''
685 1407 720 1462 et
738 1395 982 1477 “circumcingi
991 1394 1006 1419 ’'
1021 1393 1229 1477 significatur
1243 1415 1407 1478 apparere

284 1505 320 1559 ct
339 1496 412 1559 sisti
433 1495 467 1557 in
490 1493 566 1570 illis,
585 1501 700 1556 vestes
720 1492 810 1555 enim
833 1488 1026 1572 significant
1045 1511 1125 1553 vera
1147 1490 1321 1554 induentis
1343 1490 1406 1554 bo·

286 1608 365 1652 num
382 1588 429 1672 (n.
446 1587 519 1671 166)
533 1609 540 1668 ;
564 1597 599 1652 et
617 1585 774 1650 “zonae’'
789 1605 848 1647 seu
865 1583 1051 1666 “cingula'’
1067 1583 1259 1666 significant
1275 1605 1355 1648 vera
1370 1595 1407 1649 et

284 1681 375 1746 bona
392 1683 603 1746 continentia
620 1681 654 1744 in
673 1680 791 1744 ordine
809 1689 844 1743 et
863 1699 956 1742 nexu
973 1677 1021 1761 (n.
1036 1677 1105 1762 46).
1151 1677 1208 1742 Ex
1227 1679 1278 1743 his
1296 1689 1405 1761 patet,

285 1776 374 1858 quod
397 1796 457 1859 per
481 1775 667 1858 “Angelos
693 1775 830 1838 indutos
855 1773 926 1838 lino
949 1774 1076 1837 mundo
1098 1783 1134 1837 et
1157 1772 1345 1856 splendido,
1369 1784 1405 1838 et

284 1867 539 1934 circumcinitos
559 1871 647 1933 circa
665 1866 803 1952 pedtora
818 1870 912 1932 zonis
927 1867 1064 1942 aureis,”
1080 1866 1311 1949 significentur
1326 1888 1406 1931 vera

285 1974 320 2028 et
336 1963 426 2028 bona
440 1984 523 2047 pura
537 1984 576 2028 ac
593 1965 759 2046 genuina;
781 1983 868 2046 quae
883 1964 960 2045 quia
975 1981 1044 2025 non
1060 1961 1194 2025 aliunde
1210 1973 1288 2025 sunt
1304 1982 1406 2044 quam

285 2079 330 2122 ex
348 2058 475 2134 Verbo,
495 2059 686 2140 significant
704 2077 784 2120 vera
804 2067 840 2121 et
863 2056 954 2120 bona
971 2054 1087 2119 Verbi.
1132 2055 1233 2138 Quod
1250 2055 1406 2120 “linum'‘

285 2151 451 2235 significet
471 2153 629 2217 Divinum
645 2151 784 2230 Verum,
800 2160 959 2215 constare
977 2161 1093 2233 potest
1111 2171 1157 2214 ex
1175 2152 1405 2234 sequentibus,

335 2311 373 2364 Ut
383 2311 455 2377 quod
467 2310 588 2361 Abaroni
600 2318 691 2360 essent
703 2309 854 2360 Femoralia
865 2309 925 2358 Lini
943 2323 1002 2358 cum
1017 2309 1129 2359 intraret
1140 2309 1307 2372 lectorium,
1322 2321 1349 2362 et
1362 2327 1407 2363 ac·

415 2377 521 2428 cederet
532 2377 566 2426 ad
577 2375 671 2426 Altare
682 2375 776 2438 (ΕΜ.
788 2372 898 2426 xxviiii]
907 2388 948 2434 ⁴2.
959 2376 1019 2436 esi:

335 2442 372 2495 Ut
384 2443 454 2508 quod
471 2456 532 2492 curn
545 2442 655 2492 Abaton
674 2441 785 2491 intraret
802 2441 830 2490 in
848 2438 986 2496 Sanctum,
1002 2440 1158 2490 “Tunicam
1177 2440 1236 2490 Lini
1253 2439 1405 2494 senilitatis

414 2509 543 2566 indueret,
556 2507 665 2570 caligae
678 2506 736 2557 Lini
749 2515 839 2556 essent
851 2521 932 2569 super
943 2519 1024 2556 carne
1035 2505 1102 2568 ejus,
1118 2505 1231 2556 Baitheo
1245 2506 1304 2556 Lini
1316 2509 1405 2571 cinge-

415 2583 455 2624 ret
467 2587 504 2633 se,
516 2583 543 2623 et
555 2573 664 2623 Cidarin
683 2571 742 2622 Lini
760 2572 912 2634 imponeret
928 2572 994 2628 sibi:
1014 2572 1065 2620 bae
1076 2583 1165 2621 vestes
1177 2570 1328 2624 sanctitatis
1337 2573 1361 2633 ;”
1378 2585 1406 2625 et

414 2639 486 2705 quod
497 2639 605 2690 easdem
618 2647 706 2688 vestes
718 2638 840 2688 indueret
857 2651 917 2687 cum
929 2637 1049 2701 expiaret
1061 2637 1189 2701 populum
1207 2637 1300 2695 (levit.
1311 2639 1366 2690 xvi.
1376 2653 1403 2702 4,

415 2706 465 2769 aa).

285 2830 445 2896 Similiter

334 2966 412 3033 Quod
428 2966 583 3017 Sacerdotes
596 2964 713 3025 Levitae,
729 2965 862 3081 ιιἓιιιιῐιάο
874 2965 1005 3014 intrarent
1015 2964 1049 3013 ad
1067 2974 1158 3028 portas
1171 2964 1240 3015 Atrii
1257 2966 1402 3027 interioris,

414 3032 510 3083 Vestes
523 3032 583 3082 Lini
594 3032 743 3091 induerent,
777 3031 866 3080 idares
878 3030 938 3080 Lini
950 3044 1031 3093 super
1037 3030 1133 3093 capite,
1142 3040 1170 3080 et
1183 3030 1333 3082 Femoraiia
1344 3031 1405 3083 Lini

414 3112 495 3162 super
506 3096 625 3147 lumbis”
637 3097 737 3159 (Erech.
749 3097 813 3146 xliv.
827 3108 866 3155 17,
879 3095 936 3158 18);

334 3162 412 3229 Quod
424 3164 580 3214 Sacerdotes
592 3170 729 3225 portarent
742 3160 869 3224 prodos
882 3160 941 3210 Lini
952 3161 976 3223 (1
992 3161 1062 3209 Sam.
1074 3160 1137 3211 xxii.
1151 3156 1235 3223 181¹l);

334 3230 412 3294 Quod
429 3228 545 3287 Samuel.
559 3242 619 3277 cum
637 3237 666 3277 ut
684 3241 749 3290 puer
765 3227 935 3276 ministrabat
951 3240 1042 3275 cosam
1058 3225 1190 3290 Jehovab‚
1204 3227 1313 3277 indutus
1330 3238 1404 3279 esset

416 3293 528 3356 prodo
541 3292 600 3343 Lini
611 3292 635 3355 (ι
651 3294 720 3342 &aa
732 3292 758 3342 il.
772 3294 827 3353 18);

334 3358 413 3424 Quod
434 3358 529 3418 David,
548 3373 607 3408 cum
627 3356 836 3407 transferebatur
853 3357 972 3407 Arcasin
997 3359 1090 3408 urbem
1113 3357 1181 3421 ejus.
1203 3356 1307 3409 cincius
1327 3370 1401 3410 esset

416 3424 529 3489 Ephodo
541 3424 601 3474 Lini
612 3424 638 3486 (a
651 3425 721 3473 Scin.
730 3423 758 3473 si
779 3421 828 3485 14).

284 3568 342 3634 Ex
360 3569 410 3633 his
429 3576 585 3632 constare
604 3574 730 3648 potest,
747 3586 805 3629 cur

333 3722 474 3780 Dominus,
488 3736 547 3771 cum
560 3721 662 3770 lavaret
674 3720 755 3783 pedes
767 3720 965 3783 discipulorum.
980 3720 1141 3769 succinxerit
1152 3718 1186 3769 Se
1199 3717 1304 3778 Linteo,
1318 3727 1345 3768 et
1356 3720 1405 3769 ab·

413 3790 532 3837 sterserit
544 3786 625 3849 pedes
638 3785 733 3835 Linteo
745 3784 819 3850 (Joh.
831 3786 887 3834 xiii.
897 3799 923 3845 4,
936 3785 976 3846 5);

331 3852 400 3904 'ium
410 3852 480 3917 quod
490 3852 588 3915 Angeli
597 3861 757 3914 apparerent
766 3851 851 3900 induti
861 3850 958 3900 Linteo
965 3850 1048 3915 (Dan.
1058 3866 1083 3899 κ.
1094 3860 1124 3910 5;
1142 3850 1233 3900 Erech.
1245 3849 1281 3899 ix.
1293 3862 1349 3911 2-4‚
1361 3862 1402 3910 ιη

333 3916 625 4045 Enamcaaprige'iilidi'in
635 3980 776 4044 sepulchro
786 3980 898 4031 Domini
906 3989 1087 4045 apparuerunt
1096 3980 1181 4029 induti
1189 3980 1251 4029 albo
1260 3979 1404 4042 splendido

413 4059 439 4097 et
451 4047 602 4110 fulgurante
614 4046 721 4109 (Mettis.
734 4047 824 4096 xxviii.
836 4047 877 4107 3);

332 4112 410 4177 Quod
422 4111 543 4175 Angelus
562 4112 606 4176 qui
619 4114 790 4162 mensurabat
807 4126 906 4161 novum
917 4110 1059 4175 Templum
1076 4112 1188 4160 haberet
1201 4110 1287 4159 Filum
1301 4109 1360 4159 Lini
1373 4110 1401 4159 in

413 4193 495 4228 manu
506 4178 608 4241 (Erech.
620 4178 655 4228 xl.
667 4177 709 4240 3);

282 4335 372 4417 quod
393 4335 565 4417 Jeremias‚
589 4344 626 4399 ut
649 4344 918 4417 repraesentaret
944 4343 1072 4398 statum
1094 4333 1270 4397 Ecclesiae
1288 4332 1400 4415 quoad

281 4449 407 4505 verum,
424 4428 532 4511 jussus
551 4430 595 4494 sit

332 4574 427 4626 Emere
437 4575 579 4640 Cingulum
591 4576 659 4635 Lini,
670 4586 698 4628 et
709 4572 901 4627 absconderem
911 4578 938 4627 in
950 4577 1081 4627 toramine
1091 4584 1182 4638 petrae
1191 4575 1267 4637 juxta
1280 4574 1401 4637 Euphra·

413 4654 475 4703 tem,
489 4652 515 4693 et
526 4644 599 4708 quod
610 4655 705 4707 postea
716 4644 849 4693 inveniret
860 4643 924 4693 illud
935 4652 1088 4705 corruptum
1098 4641 1207 4709 (Jerem.
1219 4641 1273 4693 xlii.
1287 4642 1352 4703 1-7).
