3384 5400
346 669 410 753 676
668 683 915 734 nrocnrvrsrs
937 681 1148 732 ιιενιιιιιι.

347 853 424 918 loco
441 853 665 918 nominentur.
711 849 812 934 Quod
829 873 888 934 per
901 857 920 884 ‘⁴
928 851 1057 933 lignum
1073 849 1251 933 thyinum”
1262 849 1470 933 significetur

348 949 474 1012 bonum
504 947 667 1020 naturale,
695 957 749 1010 est
776 947 853 1028 quia
884 945 1065 1028 “lignum'’
1091 947 1125 1010 in
1155 945 1271 1010 Verbo
1300 945 1469 1028 significat

347 1043 483 1116 bonum,
500 1051 535 1105 et
553 1046 572 1073 ‘⁴
582 1041 665 1122 lapis
674 1041 689 1066 ”
701 1061 827 1116 verum,
841 1061 881 1104 ac
898 1041 1056 1122 “iignum
1072 1040 1226 1122 thyinum
1235 1039 1250 1064 ”
1265 1040 1358 1104 ducit
1373 1060 1470 1103 suam

346 1137 657 1201 denominationem
670 1155 715 1198 ex
727 1135 800 1209 duo,
813 1155 853 1198 ac
867 1140 887 1168 “
896 1135 964 1198 duo
972 1134 987 1159 ”
998 1137 1101 1198 etiam
1114 1133 1306 1216 significant
1321 1135 1468 1198 bonum:

346 1229 436 1314 quod
455 1231 498 1294 sit
519 1230 645 1294 bonum
665 1229 829 1304 naturale,
849 1241 902 1293 est
921 1230 999 1312 quia
1019 1228 1147 1310 lignum
1168 1247 1236 1292 non
1254 1239 1308 1292 est
1327 1230 1470 1291 materia

346 1326 455 1408 pretii,
469 1326 555 1388 sicut
571 1334 623 1387 est
637 1342 763 1398 aurum,
777 1334 968 1404 argentum,
982 1323 1067 1405 lapis
1083 1325 1260 1404 pretiosus,
1273 1313 1469 1405 margarita,

346 1420 476 1501 byssuS,
497 1438 649 1501 purpura,
669 1419 810 1481 sericum
829 1429 865 1480 et
883 1419 1079 1495 coccinum;
1102 1417 1255 1482 similiter
1275 1416 1371 1500 lapis.
1415 1417 1469 1481 Si·

347 1513 426 1576 mile
444 1523 496 1576 est
513 1532 588 1575 cum
612 1513 724 1584 ebore,
745 1531 804 1594 per
822 1513 912 1594 quod
934 1510 1141 1594 significatur
1159 1531 1274 1576 verum
1293 1511 1469 1589 naturale;

346 1606 437 1690 quod
458 1607 568 1669 “ebur
576 1605 590 1630 ’'
607 1604 773 1687 significet
791 1626 906 1669 verum
926 1605 1089 1680 naturale,
1106 1615 1158 1670 est
1174 1606 1252 1688 quia
1269 1615 1323 1669 est
1341 1605 1468 1680 album,

347 1711 382 1764 et
405 1699 502 1782 poliri
525 1709 650 1782 potest,
674 1709 709 1762 et
732 1701 809 1782 quia
835 1701 1047 1782 protenditur
1065 1721 1110 1764 ex
1134 1720 1192 1764 ore
1218 1699 1410 1781 elephantis
1433 1711 1470 1765 et

346 1815 479 1878 quoque
493 1793 573 1856 iacit
586 1794 685 1858 robur
697 1793 776 1876 ejus.
820 1793 872 1858 Ut
886 1800 905 1825 ‘⁴
915 1795 996 1856 ebur
1004 1793 1019 1818 ”
1030 1795 1075 1857 sit
1088 1812 1203 1856 verum
1215 1793 1370 1857 naturale
1381 1794 1470 1858 iilius

346 1890 425 1951 boni
445 1887 535 1970 quod
557 1886 764 1969 significatur
782 1907 841 1970 per
861 1888 1018 1969 “lignum
1037 1887 1222 1969 thyinum,”
1239 1888 1362 1952 dicitur
1380 1895 1470 1952 “vas

347 1985 528 2046 eburneum
541 1981 567 2059 ;”
604 2003 663 2064 per
692 1981 803 2045 “vas''
832 1984 921 2045 enim
954 1981 1161 2064 significatur
1193 1983 1384 2058 continens,
1414 1983 1469 2048 hic

347 2097 462 2140 verum
485 2077 665 2141 continens
687 2076 775 2140 boni.
821 2075 922 2157 Quod
947 2076 1128 2157 “lignum''
1149 2075 1318 2158 significet
1340 2077 1469 2142 bonum

346 2171 558 2254 aliquatenus
578 2181 734 2254 constare
753 2179 869 2256 potest
889 2168 964 2253 [ex]
984 2171 1054 2234 his:

396 2332 571 2462 Quod<eEqffi
582 2332 729 2460 :memini
750 2330 845 2382 Marah
857 2332 948 2382 dulces
965 2329 1052 2382 taetre
1069 2333 1124 2382 sint
1140 2347 1189 2396 per
1206 2331 1320 2397 Lignum
1338 2331 1469 2398 injodium

396 2463 475 2528 Quod
487 2436 606 2513 Tabuiae
616 2410 745 2526 iapidea'e,
757 2463 852 2540 quibne
862 2461 917 2512 Lex
926 2462 976 2514 init
985 2462 1122 2525 inscripta.
1133 2463 1161 2512 in
1171 2463 1242 2514 Arca
1252 2478 1287 2514 ex
1297 2463 1379 2527 lignis
1388 2465 1471 2516 echit-

478 2529 525 2578 tim
537 2527 617 2588 tedia,
632 2528 730 2578 fuerint
743 2538 876 2591 repositae
886 2529 980 2588 (Exod.
992 2543 1054 2579 xxv.
1068 2528 1173 2590 10··16);

396 2595 475 2658 Quod
484 2595 628 2672 Templum
640 2593 917 2658 Hierosolymitanum
928 2594 1015 2657 Ligno
1022 2593 1101 2643 inerit
1111 2592 1210 2644 tedium
1219 2593 1332 2679 eclimus
1340 2596 1469 2647 vestitum

396 2661 579 2791 Qun‘iiiie'
588 2674 624 2775 ii·
631 2659 784 2775 dgidrii’ex
796 2724 884 2788 Ligno
895 2722 996 2775 nomn
1007 2725 1088 2775 ruerit
1098 2723 1191 2786 <aaron
1203 2726 1284 2777 mn.
1298 2738 1321 2787 1,
1331 2726 1367 2790 ιι

347 2878 484 2941 Praeter
502 2898 546 2941 ex
565 2878 635 2940 his:

398 3030 415 3053 ‘⁸
425 3027 504 3089 iaris
516 3042 531 3076 e
544 3028 760 3090 partemcluunt,
774 3036 801 3078 et
813 3028 886 3077 trabs
897 3041 931 3077 ex
944 3026 1030 3091 Ligno
1041 3028 1187 3091 respondet
1193 3026 1209 3049 '⁹
1219 3026 1298 3090 (Ηαῦ.
1310 3029 1336 3080 ii.
1349 3030 1407 3093 11);

397 3094 414 3116 ⁴·
424 3093 556 3157 Diripient
568 3107 634 3155 opes
647 3103 714 3147 tuas.
729 3102 756 3143 et
767 3094 1000 3157 depraedabuntur
1011 3108 1113 3143 merces
1125 3104 1193 3153 tuas,
1207 3104 1234 3143 et
1251 3095 1278 3143 la
1297 3096 1354 3145 ides
1366 3106 1430 3148 tuos
1441 3105 1469 3149 et

478 3156 562 3221 Ligna
574 3168 620 3207 tua
632 3160 658 3208 in
671 3159 788 3208 medium
801 3160 882 3208 maris
894 3160 995 3207 dabunt
1003 3158 1018 3178 ”
1029 3159 1129 3218 (Erech.
1141 3160 1213 3209 xxvi.
1227 3111 1310 3221 laidi:

396 3221 502 3273 Didium
516 3225 549 3273 ad
564 3222 735 3286 Prophetam.
747 3234 775 3273 ut
787 3235 904 3274 sumeret
916 3239 998 3273 unum
1012 3224 1135 3287 Lignum,
1148 3235 1178 3274 ut
1188 3226 1316 3275 ecriberet
1327 3240 1410 3289 super
1421 3227 1469 3278 illo

477 3304 576 3338 nornen
598 3288 682 3354 Judae
702 3298 729 3339 et
747 3288 861 3339 filiorum
884 3290 999 3349 Israelis,
1018 3300 1045 3339 et
1063 3305 1168 3355 quoque
1188 3306 1288 3340 nomen
1307 3291 1422 3356 Josephi
1440 3302 1469 3343 et
1559 3334 1564 3345 .

477 3354 631 3459 Eqirlraimh
651 3354 809 3404 “etfaciam
827 3356 887 3404 iilos
904 3356 932 3404 in
950 3355 1064 3418 Lignum
1081 3370 1165 3405 unum
1173 3354 1187 3376 '’
1198 3356 1300 3417 (Erech.
1310 3358 1412 3409 xxxvii.
1426 3359 1465 3418 ιδ,

396 3484 415 3510 “
422 3431 514 3549 Aqui}
521 3420 628 3535 nit'stras
638 3500 686 3549 pro
693 3494 806 3549 argento
813 3486 938 3543 bibimus,
947 3493 975 3534 et
985 3482 1070 3549 Ligna
1077 3496 1171 3536 nostra
1179 3501 1228 3550 pro
1237 3487 1324 3550 pretio
1330 3488 1446 3539 veniunt
1452 3487 1468 3509 ”

395 3616 414 3641 ιι
422 3615 449 3666 si
461 3550 685 3731 qittidhrced'rrlntsddi}
697 3616 771 3731 venit
789 3616 815 3665 in
833 3616 948 3731 alvum,
959 3616 1307 3743 1ιιιηιῖιῧίιἓνειιιιίιξ)1.ἰςιιο
1322 3619 1349 3667 ln
1360 3619 1467 3670 socium

475 3696 492 3731 u
517 3696 561 3730 rno
585 3696 653 3742 aur,
678 3696 739 3745 ngre
763 3696 834 3731 rnur
869 3697 977 3745 mazyr
1049 3698 1081 3730 eu
1107 3697 1179 3733 .xrx.
1226 3697 1232 3739 ;

344 3834 408 3899 hoc
428 3836 514 3908 ideo,
534 3836 612 3918 quia
630 3835 812 3916 “lignum''
828 3834 994 3917 significat
1013 3835 1149 3910 bonum,
1166 3845 1201 3900 et
1219 3836 1266 3898 sic
1285 3836 1375 3917 quod
1395 3856 1465 3901 non

345 3930 446 3993 morti
459 3931 590 3993 dederit
602 3930 729 3992 socium
741 3950 784 3992 ex
797 3930 887 3993 malo
900 3950 958 3992 seu
971 3929 1059 3993 mala
1071 3930 1271 4005 intentione,
1282 3931 1342 3993 sed
1353 3951 1399 3994 ex
1410 3952 1464 3995 er·

345 4043 428 4096 rore,
443 4026 520 4107 quia
535 4026 567 4086 in
584 4024 674 4087 bono
690 4024 768 4101 fuit;
793 4035 926 4105 praeter
940 4024 1029 4087 alibi.
1074 4024 1136 4087 Per
1153 4030 1172 4057 ‘⁴
1182 4023 1333 4105 lignum”
1348 4035 1463 4088 autem

345 4118 377 4179 in
390 4120 549 4201 opposito
562 4139 660 4181 sensu
674 4116 881 4200 significatur
893 4118 1018 4180 malum
1031 4128 1067 4181 et
1083 4115 1309 4194 maledidtum,
1323 4129 1360 4182 ut
1372 4118 1463 4202 quod

394 4282 517 4333 Fecerint
534 4281 667 4344 sculptilia
680 4296 713 4331 ex
731 4280 805 4343 ligno
821 4291 849 4330 et
865 4280 1036 4330 adoraverint
1048 4280 1094 4329 ilia
1105 4280 1206 4342 (Deutr.
1218 4281 1253 4331 iv.
1266 4280 1363 4342 234&
1384 4280 1460 4349 Euj.

474 4348 574 4397 xxxvii.
588 4360 633 4411 19;
651 4360 708 4410 cap.
720 4347 756 4395 xl.
769 4358 815 4405 20;
836 4348 931 4411 Jerenr.
942 4361 968 4397 x.
979 4359 1004 4407 3,
1016 4346 1047 4406 8;
1064 4346 1156 4397 Erech.
1168 4361 1212 4397 xx.
1223 4346 1281 4410 32);

342 4507 414 4563 tum
433 4496 523 4580 quod

463 4644 610 4709 suspensio
622 4660 702 4710 ruper
715 4644 800 4711 Ligno
812 4654 883 4697 esset
895 4642 1046 4696 maledidiio
1058 4644 1159 4709 (Deutr.
1171 4646 1224 4697 xxi.
1235 4657 1275 4707 aa,
1287 4645 1337 4711 23).
