3384 5400
568 658 648 710 cns.
665 659 751 723 xm,
768 659 872 712 vens.
892 660 1018 730 17.-u.
1033 662 1105 730 709
1330 649 1396 730 607

457 823 473 840 ¹·
506 816 651 894 'owe
663 822 871 880 comensem
881 828 1395 898 moeeeeeopersmmmmpm.

512 961 587 1024 Quod
599 895 777 1012 deiidisullum
794 979 894 1021 verum,
907 962 952 1012 sed
966 960 1011 1010 alti
1024 961 1136 1011 Domino
1153 962 1285 1012 Deam
1303 961 1395 1013 Verum

511 1094 586 1156 Quod
594 1026 723 1144 diiis'reiuiei
735 1028 831 1144 liciace:
843 1111 860 1143 a
873 1095 985 1144 Dondm
990 1096 1105 1159 procedet
1115 1093 1193 1161 (vers.
1205 1094 1230 1152 8,
1242 1094 1287 1158 9);

510 1161 584 1224 Quod
599 1161 689 1210 Veneres
701 1163 729 1208 in
742 1161 818 1210 Nova
831 1161 943 1210 Ecclesia
955 1161 1172 1225 multiplicabitur,
1183 1177 1228 1210 nec
1239 1161 1275 1211 ibi
1287 1161 1395 1226 eritjiel·

604 1227 954 1306 mpcmali(vers.10,11);
992 1294 998 1306 ·
1089 1294 1095 1306 ο
1195 1294 1201 1306 ι
1382 1295 1387 1304 Ι

512 1293 587 1356 Quod
594 1309 639 1358 qur
647 1301 735 1342 mera
744 1295 790 1343 illo
799 1310 861 1344 vera
867 1300 977 1360 pugnat,
985 1311 1015 1342 en
1022 1309 1105 1343 emises
1110 1309 1211 1360 gennis
1213 1294 1287 1359 sirica
1294 1309 1320 1342 se
1326 1294 1398 1343 dabre

510 1425 584 1486 Quod
591 1359 796 1475 sdicirdediii‘iio
807 1427 921 1475 omnium
934 1427 1060 1475 Ecclesiae
1072 1425 1149 1492 (vens.
1164 1426 1272 1490 13—15);

509 1491 653 1556 Quodtm
668 1493 789 1542 accessuri
803 1495 841 1541 ad
855 1495 950 1542 nedum
966 1492 1173 1550 Demisietiam
1189 1492 1335 1558 agenn'bus
1349 1493 1397 1558 qm·

604 1557 1128 1625 externinaturalessunt(vers.16-19>;
1462 1596 1469 1605 .

505 1623 544 1675 Et
561 1625 891 1760 quagetruspgnpegpgmm
910 1642 942 1674 ex
960 1625 1022 1674 bosso
1040 1623 1179 1686 ckan'tatd,
1197 1641 1230 1674 ex
1248 1641 1297 1690 quo
1314 1626 1397 1675 cultus

273 1863 371 1930 Haec
398 1875 476 1931 sunt
503 1865 676 1932 Contenta
701 1869 801 1932 trium
829 1868 977 1951 capitum
1004 1869 1073 1943 xii,
1102 1869 1182 1942 xiii,
1209 1867 1278 1932 xiv.
1304 1867 1393 1950 apud

272 1959 482 2037 saccariam,
502 1962 535 2024 in
559 1959 666 2026 Sensu
688 1963 862 2046 spirituali,
885 1959 1022 2026 detedia
1044 1964 1121 2046 quia
1143 1963 1177 2026 in
1199 1960 1266 2025 illis
1288 1962 1393 2026 etiam

272 2053 317 2117 de
328 2053 448 2120 ultimo
459 2066 552 2119 statu
567 2056 742 2120 Ecclesiae
755 2059 879 2120 veteris
891 2067 927 2121 et
940 2058 982 2120 de
994 2058 1101 2139 primo
1112 2065 1205 2119 statu
1217 2055 1393 2120 Ecclesiae

272 2146 394 2212 Novae
416 2151 546 2232 agitur:
574 2159 608 2213 et
631 2152 707 2234 quia
729 2151 851 2214 dicitur
873 2151 963 2232 quod
986 2149 1216 2232 congregandi
1239 2151 1307 2213 sint
1330 2152 1393 2213 “in

272 2241 383 2307 locum
398 2242 524 2308 didtum
541 2243 709 2309 Hebraice
725 2243 1001 2327 Armageddon,”
1013 2254 1150 2307 constat
1165 2245 1255 2326 quod
1271 2243 1392 2307 eadem

272 2339 362 2420 apud
380 2337 584 2421 Prophetam
602 2336 693 2402 dicta
712 2341 778 2402 sint
795 2340 839 2402 de
854 2349 946 2402 statu
962 2337 1083 2402 ultimo
1101 2338 1275 2401 Ecclesiae
1294 2337 1391 2400 hodi-

272 2453 374 2496 ernae
389 2435 479 2497 etde
495 2434 603 2517 primo
618 2441 711 2496 statu
727 2432 902 2496 Ecclesiae
919 2432 1047 2496 Novae.
1092 2433 1154 2495 Per
1167 2437 1186 2463 ‘⁴
1197 2431 1391 2513 Armaged-

272 2527 340 2589 don
349 2527 364 2554 ”
387 2527 602 2609 significatur,
623 2537 659 2590 ut
683 2524 808 2590 ditium
831 2537 895 2601 est,
918 2547 1013 2590 amor
1034 2527 1181 2598 honoris,
1205 2527 1332 2608 imperii
1355 2537 1392 2590 et

272 2623 575 2704 supereminentiae
588 2643 595 2697 ;
611 2642 656 2685 ex
668 2621 727 2685 illo
739 2622 828 2684 enim
841 2619 879 2683 fit
892 2640 1015 2703 pugna,
1029 2629 1063 2682 et
1076 2641 1121 2682 ex
1133 2619 1193 2682 illo
1204 2630 1239 2683 et
1253 2630 1391 2702 propter

271 2715 365 2779 illum
388 2715 426 2781 fit
449 2714 613 2799 plandius,
635 2717 690 2800 qui
714 2715 912 2779 describitur
934 2716 979 2777 ibi
1001 2735 1086 2779 vers.
1110 2732 1220 2793 11—14,
1240 2735 1312 2798 cap.
1331 2716 1389 2777 xii.

272 2808 388 2874 Simile
406 2813 509 2875 etiam
528 2810 734 2893 significatur
752 2830 811 2893 per
831 2809 1127 2891 “Megiddonem”
1148 2807 1182 2891 (2
1197 2810 1278 2890 Reg.
1294 2810 1390 2874 xxiii.
1481 2859 1488 2872 .

272 2920 323 2985 29,
340 2920 400 2984 303
423 2921 442 2968 2
464 2904 585 2970 Cicron.
604 2926 715 2968 xxxv.
734 2902 866 2985 20-24),
886 2903 947 2967 sed
965 2904 999 2966 in
1017 2902 1126 2967 Sensu
1144 2903 1316 2985 spirituali.

330 3006 430 3091 708.
456 3018 545 3087 [Vm.
562 3016 614 3084 ¹7·]
640 3006 705 3069 ‘Ei
715 3007 862 3087 capiimus
874 3004 1009 3088 Angelus
1029 3005 1137 3068 effudit
1151 3005 1285 3086 plinium
1302 3025 1391 3068 suom

271 3094 302 3156 in
312 3097 455 3170 oseem,''
466 3095 636 3177 significat
647 3094 814 3179 inflexum
825 3116 846 3158 a
857 3095 1002 3159 Domino
1011 3096 1173 3159 inoomnia
1184 3094 1292 3159 simul
1299 3094 1395 3177 apud

270 3187 416 3251 homines
428 3186 592 3251 Ecclesiae
598 3186 984 3266 Reformatorem-Per
995 3192 1014 3219 ‘⁶
1023 3188 1202 3268 septimum
1214 3186 1390 3268 Angelum

271 3280 498 3346 effundentem
517 3280 664 3364 phialam
681 3300 775 3343 suam
783 3281 798 3307 ''
814 3279 1031 3362 significatur,
1047 3281 1100 3344 hic
1119 3288 1156 3344 ut
1175 3302 1234 3363 per
1252 3283 1389 3363 priores,

271 3374 415 3439 influxus
426 3397 434 3454 ;
458 3396 518 3457 per
537 3381 676 3438 “aerem
685 3376 699 3401 ”
717 3373 950 3458 significantur
969 3376 1083 3438 omnia
1105 3376 1331 3457 perceptionis
1353 3386 1390 3439 et

272 3472 498 3552 cogitationis,
514 3470 562 3533 ita
585 3469 662 3533 fidei
679 3489 805 3543 eorum,
826 3470 967 3551 proinde
985 3470 1089 3533 etiam
1108 3469 1224 3552 quales
1241 3470 1276 3532 in
1295 3489 1390 3533 com·

271 3566 362 3629 muni
376 3574 454 3627 sunt
471 3584 588 3627 omnes
604 3565 659 3646 qui
674 3565 707 3626 in
725 3563 808 3627 Fide
824 3574 981 3645 separata
995 3584 1016 3625 a
1032 3562 1207 3627 Charitate
1224 3564 1268 3626 ibi
1287 3574 1387 3641 sunt;

272 3678 349 3722 nam
365 3678 424 3742 per
437 3664 577 3721 “aerem
586 3657 600 3683 ”
612 3656 818 3739 significatur
830 3658 1007 3739 respiratio
1021 3676 1148 3730 eorum,
1162 3667 1197 3720 et
1214 3658 1390 3739 respiratio

271 3752 513 3835 correspondet
539 3748 735 3824 intelleilui,
759 3752 807 3815 ita
829 3752 1037 3834 perceptioni
1061 3761 1096 3814 et
1119 3752 1329 3832 cogitationi,
1352 3761 1389 3815 et

270 3868 403 3931 quoque
425 3844 512 3920 fidei,
532 3846 610 3927 quia
631 3844 714 3909 fides
735 3857 787 3910 est
809 3846 1028 3926 cogitationis
1046 3846 1230 3909 secundum
1248 3864 1389 3927 percep·

271 3943 399 4006 tionem
417 3937 631 4016 intelleitus;
653 3940 742 4022 quod
761 3939 844 4003 haec
862 3939 1160 4021 correspondentia
1175 3940 1229 4012 sit,
1247 3949 1282 4003 et
1297 3939 1390 4020 quod

271 4038 303 4100 in
323 4036 448 4099 mundo
466 4033 628 4116 spirituali
643 4035 782 4117 quisque
801 4035 942 4117 respiret
957 4034 1143 4097 secundum
1160 4053 1255 4096 suam
1273 4030 1387 4108 fidem,

270 4132 304 4194 in
320 4128 495 4211 Saparntia
508 4127 669 4209 Angelicce
683 4129 724 4191 de
736 4128 861 4191 Dz've'no
873 4127 1000 4191 Amore
1011 4136 1045 4191 et
1057 4126 1185 4191 Deieina
1201 4126 1387 4209 Sapientis,

270 4226 303 4288 in
323 4224 422 4287 Parte
441 4222 579 4305 Quinta,
599 4222 697 4305 plene
716 4232 891 4286 ostensum
910 4231 973 4285 est.

329 4333 431 4402 709·
459 4324 479 4355 ⁸
487 4318 526 4381 Ei
536 4318 628 4381 esini
641 4336 697 4381 sor
707 4336 853 4400 mopere
871 4316 1089 4398 rampertus
1105 4337 1123 4380 e
1142 4317 1258 4379 Theano
1271 4315 1388 4390 dicens,

271 4408 397 4472 foetum
421 4408 507 4480 sst,''
531 4408 699 4488 significat
724 4408 776 4470 sic
798 4408 1055 4487 manifestatum
1079 4428 1102 4470 a
1124 4406 1278 4481 Domino,
1301 4405 1392 4489 quod

271 4501 380 4564 omnia
394 4498 558 4563 Ecclesiae
571 4500 748 4563 devastata
762 4499 841 4572 sint,
858 4508 890 4562 et
904 4499 993 4580 quod
1006 4518 1091 4562 nunc
1109 4497 1268 4563 Ultrinum
1282 4498 1387 4573 Judi·

272 4594 353 4659 cium
380 4592 595 4658 instet—Per
622 4600 770 4657 “vocem
797 4612 957 4677 magnam
984 4601 1170 4655 exeuntem
1196 4612 1215 4655 e
1242 4592 1387 4676 Templo
