3384 5400
525 681 604 732 cnr.
621 680 843 742 xx11.‚v1·:ns.
860 680 970 748 7.-u.
985 684 1057 749 944
1287 669 1345 751 851

229 851 395 916 Dominus
425 850 582 934 loquitur,
607 870 667 933 per
696 848 837 913 Caelum
867 849 1024 933 loquitur,
1055 850 1140 914 sicut
1171 852 1283 915 anima
1313 862 1347 917 et

228 966 325 1010 mens
344 947 490 1010 hominis
509 965 682 1028 persuum
701 965 831 1028 corpus.
878 943 978 1026 Quod
999 946 1187 1009 universum
1208 946 1348 1012 Caelum

228 1040 418 1121 angelicum
445 1042 479 1103 in
504 1060 573 1103 uno
598 1038 782 1121 complexu
809 1038 930 1102 reserat
957 1060 1062 1103 unum
1091 1040 1288 1117 Hominem,
1312 1052 1348 1106 et

227 1135 317 1217 quocl
336 1135 400 1199 hoc
416 1136 460 1198 sit
478 1155 523 1197 ex
541 1134 699 1209 Domino,
716 1133 870 1196 videatur
885 1154 985 1216 supra
1001 1134 1048 1215 (n.
1067 1134 1111 1217 5),
1128 1144 1164 1199 et
1183 1137 1216 1199 in
1235 1134 1348 1218 Opere

206 1230 271 1291 'de
295 1228 394 1293 Caelo
414 1239 446 1292 et
467 1229 613 1310 Inferna,
633 1228 780 1291 Londini
807 1230 885 1309 1758
904 1228 997 1291 edito
1018 1227 1065 1310 (n.
1087 1229 1225 1311 59-86);
1256 1242 1291 1295 et
1314 1233 1347 1294 in

228 1322 403 1404 Sapientia
424 1323 588 1405 Angnlr'ca
609 1322 649 1385 de
669 1322 796 1385 Danaa
817 1322 1038 1385 Providentia
1062 1323 1109 1405 (n.
1132 1324 1246 1406 64-69‚
1269 1326 1348 1389 162-

231 1418 297 1497 164‚
316 1416 488 1500 201-204),
505 1430 541 1481 et
559 1418 594 1481 in
613 1416 787 1498 Sapientia
801 1417 964 1499 Angelica
982 1416 1022 1481 de
1038 1417 1161 1481 Divino
1176 1418 1349 1485 Amarea

225 1512 354 1575 Dinina
364 1512 538 1594 Sapientia
549 1511 596 1594 (n.
612 1529 660 1585 11,
673 1528 720 1592 19,
734 1528 802 1592 133,
811 1510 900 1593 288).
945 1510 1011 1575 Sed
1024 1513 1134 1575 dicam
1148 1516 1345 1594 mysterium

226 1608 311 1671 hoc:
336 1608 501 1671 Dominus
510 1607 656 1689 loquitur
665 1627 725 1688 per
734 1606 885 1681 Caelum,
896 1607 956 1669 sed
970 1627 1073 1690 usque
1084 1628 1152 1671 non
1166 1608 1347 1690 loquuntur

226 1700 355 1783 Angeli
381 1702 436 1776 ibi,
460 1702 515 1784 qui
538 1722 581 1764 ne
603 1702 737 1783 quidem
761 1703 871 1765 sciunt
894 1702 973 1784 quid
1001 1702 1165 1765 Dominus
1189 1702 1345 1785 loquitur,

226 1798 288 1859 nisi
307 1797 409 1879 aliqui
431 1817 477 1859 ex
500 1796 566 1858 illis
587 1798 656 1859 sint
679 1796 769 1878 apud
792 1796 975 1871 hominem,
995 1818 1054 1880 per
1076 1818 1161 1880 quos
1180 1797 1350 1863 Dominus

226 1912 270 1953 ex
290 1890 396 1955 Caelo
418 1901 537 1973 aperte
560 1890 716 1972 loquitur,
737 1900 773 1954 ut
796 1911 872 1954 cum
892 1890 1045 1971 Johanne
1068 1903 1103 1955 et
1127 1912 1204 1955 cum
1226 1892 1345 1977 aliqui·

226 1986 287 2049 bus
304 1986 501 2068 Prophetis:
524 1994 577 2048 est
593 1986 683 2047 enim
699 1984 844 2048 influxus
861 1986 996 2049 Domini
1015 2006 1074 2068 per
1090 1986 1240 2061 Caelum,
1258 1990 1345 2053 sicut

226 2090 278 2144 est
305 2080 451 2144 influxus
473 2080 606 2143 animae
631 2098 843 2161 percorpus.
889 2078 1018 2162 Corpus
1041 2082 1175 2163 quidem
1199 2081 1346 2166 loquitur

226 2185 261 2239 et
280 2178 363 2258 agit,
380 2185 416 2238 et
434 2193 567 2257 quoque
583 2175 689 2238 sentit
704 2173 828 2257 aliquid
848 2195 892 2237 ex
912 2174 1049 2249 influxu,
1067 2177 1127 2239 sed
1146 2196 1250 2259 usque
1269 2198 1345 2241 cor·

226 2290 287 2351 pus
306 2290 375 2333 non
393 2271 464 2350 agit
483 2270 661 2352 quicquam
679 2290 725 2331 ex
748 2290 785 2332 se
808 2279 844 2332 ut
867 2290 912 2332 ex
932 2288 978 2342 se,
998 2270 1058 2332 sed
1077 2272 1197 2351 agitur.
1243 2271 1344 2353 Quod

227 2363 303 2428 talis
326 2366 370 2428 sit
397 2363 542 2446 loquela,
566 2364 635 2426 imo
657 2365 767 2426 omnis
789 2364 935 2427 influxus
959 2364 1094 2427 Domini
1122 2386 1181 2447 per
1203 2366 1344 2431 Caelum

225 2459 314 2541 apud
337 2460 501 2533 homines,
520 2479 541 2521 a
563 2457 670 2521 multa
687 2460 900 2539 experientia
917 2461 1000 2521 scire
1019 2459 1136 2522 datum
1160 2470 1222 2523 est.
1267 2460 1343 2524 An-

226 2553 292 2634 geli
315 2552 419 2629 Caeli,
438 2564 474 2617 et
497 2572 631 2635 quoque
652 2554 788 2634 spiritus
809 2552 893 2615 infra
912 2550 1044 2627 Caelos
1065 2554 1146 2615 nihil
1168 2556 1278 2621 sciunt
1301 2558 1344 2621 de

226 2649 371 2724 homine,
392 2650 477 2712 sicut
496 2666 559 2711 nec
578 2646 681 2710 homo
703 2646 746 2711 de
769 2645 853 2724 illis3
886 2649 962 2730 quia
981 2656 1091 2712 status
1110 2649 1283 2731 spirituum
1307 2663 1343 2716 et

225 2743 423 2825 angelorum
449 2753 502 2807 est
529 2741 721 2824 spiritualis,
745 2753 782 2806 et
809 2742 983 2806 hominum
1009 2753 1062 2806 est
1090 2743 1263 2819 naturalis,
1287 2750 1343 2829 qui

226 2837 293 2901 bini
319 2848 429 2902 status
455 2839 553 2902 unice
579 2838 818 2900 consociantur
848 2857 907 2919 per
937 2838 1274 2919 correspondentias;
1306 2851 1342 2904 et

225 2934 433 2998 consociatio
462 2953 522 3015 per
551 2931 870 3012 correspondentias
899 2931 978 2995 lacit
1009 2933 1143 3015 quidem
1174 2944 1212 2996 ut
1244 2936 1342 3000 simul

225 3029 292 3091 sint
309 3029 343 3090 in
358 3023 601 3101 affectionibus,
619 3026 680 3090 sed
700 3045 768 3088 non
790 3027 824 3088 in
843 3027 1128 3108 cogitationibus;
1152 3047 1254 3109 quare
1274 3049 1342 3094 non

225 3141 308 3184 unus
326 3123 391 3185 scit
414 3121 538 3204 aliquid
561 3120 605 3182 de
627 3119 748 3194 altero,
768 3120 833 3184 hoc
854 3131 917 3194 est,
938 3140 1006 3183 non
1025 3121 1129 3184 homo
1151 3123 1193 3184 de
1217 3125 1341 3205 spiriti·

224 3216 285 3279 bus
314 3237 390 3280 cum
420 3216 539 3298 quibus
568 3223 622 3278 est
654 3214 766 3296 quoad
799 3211 1004 3288 affectiones,
1036 3233 1098 3278 nec
1131 3217 1266 3297 spiritus
1299 3220 1342 3282 de

224 3310 380 3388 homine;
410 3330 488 3374 narn
510 3309 601 3391 quod
624 3327 692 3371 non
715 3308 748 3371 in
772 3310 983 3390 cogitatione
1006 3319 1070 3384 est,
1090 3311 1150 3372 sed
1174 3311 1283 3375 solum
1307 3314 1340 3376 in

223 3403 411 3480 aflettione,
431 3424 500 3468 non
522 3403 637 3476 scitur,
656 3403 734 3484 quia
755 3422 824 3466 non
846 3412 987 3486 apparet
1010 3421 1069 3468 seu
1091 3405 1232 3470 videtur.
1277 3405 1340 3472 So·

223 3498 275 3563 lus
293 3499 459 3564 Dominus
478 3498 573 3562 novit
592 3498 819 3577 cogitationes
836 3498 1020 3561 hominum.

282 3615 386 3684 944.
411 3611 500 3678 [ism.
511 3608 549 3675 7·]
575 3597 683 3662 Ἐοοο
700 3598 783 3661 nnio
796 3599 881 3672 altor
897 3600 1006 3663 tantur
1019 3619 1150 3664 aarum
1162 3601 1253 3665 natu
1269 3622 1342 3684 pm·

219 3691 342 3772 plotino
359 3689 464 3770 [tint]
481 3688 607 3771 nujua,''
618 3686 784 3772 significat
799 3689 891 3771 quod
899 3689 1065 3753 Dominus
1080 3700 1166 3754 certe
1179 3702 1340 3756 venturus

221 3783 277 3857 sit,
296 3793 329 3846 et
348 3783 491 3845 daturus
509 3781 615 3845 vr'tam
637 3793 805 3846 aeternam
826 3781 896 3846 illis
918 3782 979 3864 qui
996 3783 1183 3847 custodiunt
1203 3795 1235 3846 et
1247 3785 1339 3865 saci·

221 3888 281 3941 unt
295 3897 377 3940 vera
391 3896 447 3938 seu
457 3885 636 3957 praecepta
650 3876 821 3940 delirinae
836 3875 935 3959 hiqias
949 3875 1049 3939 Libri
1061 3897 1145 3940 nunc
1161 3899 1183 3940 a
1200 3877 1340 3941 Domino

220 3969 506 4051 aperti-“Ecce
523 3973 624 4034 venio
646 3971 739 4035 cito”
755 3969 924 4052 significat
947 3971 1037 4054 quod
1061 3971 1226 4035 Dominus
1245 3984 1339 4038 certe

220 4075 382 4128 venturus
404 4065 467 4141 sit;
502 4084 561 4146 per
584 4067 683 4130 “cito
692 4065 708 4092 '⁹
730 4065 939 4147 significetur
960 4075 1053 4130 certe
1078 4065 1126 4147 (n.
1143 4085 1175 4145 4,
1192 4065 1282 4148 943),
1303 4078 1338 4131 et

220 4179 280 4242 per
303 4165 323 4192 ⁴⁴
333 4159 448 4222 venire
457 4157 472 4183 ”
495 4159 703 4240 significatur
724 4160 814 4243 quod
837 4169 998 4223 venturus
1025 4162 1079 4234 sit,
1103 4180 1171 4222 non
1198 4162 1232 4223 in
1260 4161 1338 4225 Per·

219 4273 304 4316 sona
321 4253 382 4316 sed
405 4254 438 4315 in
458 4252 585 4328 Verbo,
605 4255 638 4317 in
661 4275 729 4337 quo
747 4254 923 4339 apparebit
943 4254 1099 4318 omnibus
1118 4257 1173 4336 qui
1197 4275 1216 4318 e
1239 4255 1338 4320 Nova

221 4347 328 4429 ipsius
351 4347 506 4410 Ecclesia
528 4358 648 4425 erunt;
683 4349 774 4431 quod
800 4349 866 4412 hoe
893 4349 936 4412 sit
959 4347 1142 4411 Adventus
1170 4349 1277 4430 Ipsius
1304 4353 1336 4413 in

219 4442 361 4505 nubibus
378 4441 481 4516 Caeli,
495 4442 648 4507 videatur
664 4461 763 4526 supra
781 4441 827 4524 (n.
842 4459 892 4522 24,
904 4443 977 4523 642,
992 4442 1068 4524 820)
1082 4463 1089 4505 :
1116 4449 1134 4476 ‘⁴
1146 4443 1265 4507 beatus
1280 4447 1337 4527 qui

219 4547 332 4600 servat
349 4537 453 4600 verba
472 4533 700 4620 [prophetiae]
724 4536 816 4600 Libri
833 4536 957 4619 hujus,”
975 4537 1143 4620 significat
1162 4539 1252 4621 quod
1275 4541 1336 4603 da·

219 4638 312 4693 turus
338 4630 383 4693 sit
412 4631 518 4694 vitam
541 4640 715 4695 aeternam
742 4631 891 4714 illisqui
917 4633 1113 4696 custodiunt
1144 4641 1179 4696 et
1208 4631 1336 4700 iaciunt
