3384 5400
569 715 648 766 cre.
666 715 871 778 x1V.,vrsns.
887 715 997 784 7.-u.
1012 702 1084 766 628.
1325 711 1384 785 537

318 883 484 938 Prbiribitm
496 885 554 944 iuir.
568 901 603 936 ne
615 886 721 951 aliquod
732 885 891 938 sacrificium
901 901 937 936 ex
947 887 1042 946 bobus,
1056 886 1155 945 vitulis,
1169 887 1272 946 ovibus,
1286 887 1383 951 capris,

397 953 484 1016 agnis,
498 953 525 1002 in
537 953 632 1016 quibus
644 961 715 1002 esset
728 952 843 1012 Macula,
857 951 932 1002 tieret
944 951 1035 1015 (levit.
1046 951 1111 1001 xxii.
1122 954 1228 1014 19—25);

267 1094 419 1159 maculae
437 1095 540 1157 etiam
559 1095 603 1158 ibi
622 1104 848 1159 recensentur.

326 1189 428 1256 ωδ.
453 1201 538 1268 [Vm.
552 1199 591 1267 6.]
617 1190 681 1252 “fr
703 1189 761 1252 vidi
781 1188 874 1251 olium
896 1188 1042 1273 anysium
1067 1191 1214 1253 mianum
1237 1191 1267 1252 in
1288 1191 1386 1255 modio

266 1279 362 1353 duali,
374 1281 535 1344 inierim
555 1279 747 1360 Eronpsiium
768 1286 928 1342 commum
947 1279 1163 1361 evangelizam
1183 1279 1386 1344 inhiantibus

265 1389 361 1450 sopor
372 1371 498 1444 tom,''
509 1368 675 1450 significat
690 1369 980 1432 annuntiationem
994 1369 1173 1432 Adventus
1187 1369 1337 1444 Domini,
1352 1380 1386 1433 et

266 1463 382 1528 Novae
397 1461 562 1526 Ecclesiae
578 1462 821 1525 descensurae
840 1459 939 1524 Caelo
959 1461 1002 1523 ab
1024 1460 1220 1542 Ipso-Per
1238 1469 1257 1494 ‘⁸
1267 1461 1386 1542 Ange*

267 1557 334 1620 lum
343 1557 359 1584 '’
370 1559 403 1620 in
416 1575 573 1638 supremo
588 1554 696 1619 Sensu
711 1554 911 1635 intelligitur
923 1553 1098 1629 Dominus,
1111 1565 1147 1619 et
1163 1557 1240 1618 inde
1252 1576 1385 1638 quoque

267 1649 406 1716 Caelum
423 1650 470 1734 (n.
489 1663 517 1732 5,
535 1666 605 1730 344,
617 1648 716 1732 465);
740 1669 799 1730 per
815 1648 947 1711 “alium
964 1646 1138 1730 Angelum
1147 1649 1161 1673 ’¹
1178 1649 1385 1730 significatur

266 1763 353 1808 nunc
370 1762 493 1808 novum
510 1765 529 1807 a
546 1744 712 1820 Domino;
736 1762 794 1825 per
811 1742 955 1805 “volare
971 1743 1004 1805 in
1021 1743 1133 1806 medio
1148 1743 1241 1807 Caeli
1249 1743 1264 1768 ''
1280 1745 1384 1826 signi-

266 1837 384 1902 ficatur
412 1838 593 1920 despicere,
623 1837 811 1919 perspicere
844 1846 879 1898 et
913 1838 1104 1918 prospicere
1139 1836 1185 1918 (n.
1211 1838 1301 1921 415),
1331 1839 1386 1902 hic

267 1951 390 1996 novum
412 1951 433 1995 a
455 1931 604 1996 Domino
625 1952 645 1994 e
667 1929 772 1994 Caelo
795 1932 828 1993 in
852 1929 1027 2009 Ecclesia;
1050 1951 1111 2012 per
1130 1930 1385 2013 “Evangelium

266 2024 464 2091 aeternum”
490 2025 695 2107 significatur
724 2025 939 2088 annuntiatio
969 2023 1152 2087 Adventus
1183 2025 1318 2088 Domini
1348 2035 1384 2089 et

267 2117 378 2202 Regni
402 2120 510 2204 Ipsius
533 2119 580 2201 (n.
602 2120 675 2199 478,
702 2119 797 2200 553);
822 2138 882 2200 per
905 2118 1128 2182 “habitantes
1152 2139 1250 2201 super
1273 2120 1384 2183 terra”

265 2213 496 2298 significantur
517 2213 670 2276 homines
693 2211 878 2287 Ecclesiae,
897 2213 941 2275 ad
963 2233 1048 2294 quos
1071 2212 1128 2276 fiet
1151 2215 1382 2278 annuntiatio:

208 2375 215 2388 ‚
265 2309 481 2391 quodetiam
507 2309 551 2371 sit
577 2307 777 2370 annuntiare
799 2308 891 2389 quod
919 2307 1018 2370 Nova
1044 2307 1200 2371 Ecclesia
1226 2326 1313 2371 nunc
1340 2311 1384 2372 sit

265 2404 467 2468 descensura
484 2422 504 2466 e
522 2401 627 2466 Caelo
645 2402 688 2464 ab
708 2401 796 2483 Ipso,
813 2411 866 2465 est
882 2403 960 2484 quia
978 2400 1159 2465 Adventus
1178 2402 1314 2465 Domini
1332 2405 1384 2465 in·

265 2497 371 2560 volvit
390 2497 467 2573 duo,
487 2496 655 2562 Ultimum
672 2495 836 2577 Judicium
856 2505 891 2558 et
910 2506 988 2577 post
1007 2495 1089 2558 illud
1109 2495 1242 2559 Novam
1262 2496 1384 2560 Eccle-

265 2591 359 2655 siam.
404 2592 456 2655 De
472 2591 605 2656 Ultimo
616 2589 746 2671 Judicio
758 2591 880 2671 agitur,
894 2609 967 2671 cap.
980 2591 1064 2664 xix,
1078 2609 1139 2652 xx.
1152 2612 1159 2667 ;
1183 2601 1217 2653 et
1230 2591 1273 2653 de
1286 2591 1385 2654 Nova

266 2685 429 2761 Ecclesia,
440 2706 525 2769 quae
538 2695 589 2749 est
604 2684 702 2748 Nova
716 2682 964 2766 Hierosolyma,
976 2704 1049 2766 cap.
1060 2685 1142 2759 xxi,
1154 2685 1237 2768 rrxii.
1283 2683 1384 2767 Quod

266 2800 325 2862 per
349 2779 624 2862 “Evangelium'¹
651 2789 685 2844 et
714 2777 999 2860 “evangelizare'’
1021 2775 1227 2857 significetur
1252 2797 1384 2841 annun-

266 2876 365 2939 tiatio
382 2875 425 2937 de
444 2872 607 2938 Adventu
630 2874 766 2936 Domini
787 2883 822 2937 et
846 2872 959 2954 Regni
983 2871 1102 2954 Ipsius,
1121 2882 1257 2935 constat
1276 2873 1384 2935 mani·

265 2968 351 3033 ieste
369 2986 413 3031 ex
433 2966 516 3031 locis
535 2986 566 3030 n.
584 2969 647 3047 478
665 2965 829 3041 adductis,
849 2986 935 3049 quae
953 2967 998 3030 ibi
1015 2966 1202 3029 videantur.

325 3064 420 3145 6η.
448 3063 513 3125 “fr
522 3064 603 3125 omni
605 3062 694 3143 ponii
701 3067 735 3125 oi
744 3062 837 3125 iriivi
842 3062 1008 3144 ellingerus
1018 3062 1202 3142 otpopvlo,''
1213 3060 1384 3142 significat

264 3154 388 3219 curtilis
406 3154 466 3237 qni
483 3174 526 3218 ex
546 3154 702 3234 religione
723 3154 757 3216 in
780 3154 872 3219 bonis
891 3164 978 3229 sunit,
994 3163 1027 3216 et
1043 3174 1085 3216 ex
1101 3152 1253 3217 doilrinn
1274 3154 1310 3215 in
1327 3175 1383 3217 ve-

265 3246 431 3311 rice-Per
462 3252 629 3329 “gentem
639 3248 653 3272 ”
683 3248 913 3329 significantur
942 3250 997 3332 qui
1029 3251 1064 3311 in
1097 3249 1194 3311 bonis
1227 3260 1316 3323 sunt,
1346 3259 1383 3313 et

265 3338 435 3406 abstraCie
450 3342 540 3404 bona
553 3340 599 3423 (n.
611 3341 689 3423 483)
704 3363 711 3419 ;
734 3362 793 3425 per
810 3350 829 3375 ¹‘
839 3345 963 3407 tribum
973 3343 988 3367 ’'
1004 3341 1213 3424 significatur
1228 3341 1385 3406 Ecclesia

265 3435 376 3519 quoad
392 3434 590 3517 religionem
608 3435 655 3516 (n.
669 3435 744 3517 349)
758 3458 765 3514 ;
789 3456 849 3518 per
865 3438 1043 3518 “linguam
1052 3437 1066 3461 ”
1079 3434 1286 3517 significatur
1301 3437 1384 3501 doc·

265 3530 355 3594 trina
373 3528 420 3611 (n.
441 3529 537 3613 282);
560 3540 596 3593 et
615 3551 674 3613 per
694 3531 882 3613 “populum
890 3531 905 3555 '’
923 3531 1154 3612 significantur
1172 3532 1227 3614 qui
1245 3531 1278 3593 in
1297 3533 1384 3595 veris

266 3633 355 3698 sunt,
379 3633 414 3687 et
436 3621 607 3688 abstradte
629 3644 708 3688 vera
729 3624 775 3707 (n.
794 3624 893 3706 483);
917 3644 1019 3707 quare
1042 3646 1100 3706 per
1120 3623 1385 3706 “evangelizare

266 3720 357 3781 omni
376 3718 471 3799 genti
489 3730 525 3783 et
544 3719 642 3781 tribui
661 3732 696 3783 et
719 3720 854 3801 linguae
872 3730 907 3782 et
927 3718 1079 3801 populo,’'
1097 3717 1305 3799 significatur
1322 3740 1384 3783 an·

266 3814 420 3875 nuntiare
443 3810 572 3876 cuneis
590 3815 645 3895 qui
667 3815 701 3876 in
724 3815 820 3878 bonis
843 3835 889 3877 ex
911 3812 1085 3894 reiigione,
1105 3823 1140 3875 et
1163 3832 1208 3875 ex
1229 3811 1384 3877 doctrina

267 3908 299 3969 in
319 3907 405 3969 veris
427 3916 525 3984 sunt;
553 3908 585 3969 hi
609 3910 697 3970 enirn
722 3908 947 3990 Evangelium
970 3908 1133 3988 recipiunt
1156 3917 1192 3969 et
1217 3926 1285 3970 non
1307 3908 1382 3971 aiii:

267 4000 349 4065 haec
369 4000 599 4082 significantur
617 4022 676 4084 per
695 4001 752 4065 illa
771 4004 873 4065 verba
889 4004 924 4064 in
942 4000 1051 4065 Sensu
1068 4000 1240 4082 spirituali.

326 4095 425 4161 ⁶28.
444 4108 530 4175 [Vm.
541 4107 579 4173 7.]
600 4102 618 4133 ¹¹
627 4097 782 4159 [liconiam
795 4116 1000 4179 munigno,
1017 4097 1128 4159 Timete
1139 4096 1382 4179 iioum,''signi-

266 4186 344 4252 ficat
370 4186 620 4251 admonitionem
646 4198 683 4251 ut
711 4210 773 4251 non
792 4190 929 4269 saciant
954 4188 1055 4264 mola,
1082 4190 1161 4271 quia
1186 4188 1384 4253 incontra

265 4282 442 4345 Dominum
459 4282 624 4345 est-Per
640 4290 786 4346 “vocem
805 4303 965 4364 magnam
973 4283 988 4307 '’
1003 4282 1210 4364 significatur
1228 4282 1382 4347 admoni-

266 4376 314 4439 tio
326 4398 334 4453 ;
353 4386 387 4439 et
401 4396 461 4457 per
471 4382 490 4407 “
499 4376 618 4439 timere
631 4376 740 4439 Deum
748 4378 763 4401 ”
775 4376 982 4459 significatur
994 4397 1062 4440 non
1074 4377 1183 4440 iacere
1195 4376 1295 4452 maia,
1306 4380 1384 4459 quia

264 4470 330 4533 hoc
349 4470 668 4535 contra-Dominum
688 4481 760 4548 est;
784 4473 875 4553 quod
892 4472 1039 4536 “timere
1058 4472 1168 4535 Deum
1176 4470 1191 4494 ”
1206 4471 1250 4535 sit
1268 4491 1383 4535 amare

266 4562 391 4645 ipsum,
411 4564 564 4628 timendo
585 4564 693 4627 iacere
716 4565 841 4628 maium
860 4567 937 4648 quia
959 4566 1022 4629 hoc
1042 4576 1161 4629 contra
1185 4566 1298 4648 ipsum
1317 4576 1381 4641 est,

266 4666 301 4721 et
317 4658 406 4740 quod
430 4658 539 4722 omnis
557 4678 652 4722 amor
670 4658 762 4721 illurn
782 4661 938 4723 timorem
961 4661 993 4721 in
1014 4681 1049 4723 se
1073 4660 1207 4737 habeat,
1228 4660 1382 4723 videatur
