3384 5400
518 678 834 745 cns.xv11.,vsns.
854 681 981 732 12.-n.
996 683 1068 752 74¹·
1288 669 1353 753 637

232 849 364 916 Galliae
377 852 536 935 imprimis
551 849 684 936 (ta-14)
701 875 709 934 ;
733 854 776 918 de
783 853 918 938 reliquis
928 857 982 937 qui
995 856 1129 939 quidem
1141 855 1352 938 Religiosum

231 947 314 1010 illud
338 947 537 1030 profitentur
557 949 616 1011 sed
636 950 790 1031 usquein
810 952 909 1012 variis
928 951 1131 1014 dissentiunt
1151 949 1253 1032 (vers.
1273 952 1326 1035 15)
1344 980 1352 1038 ;

231 1051 267 1106 et
291 1037 334 1106 de
358 1043 628 1106 Protestantibus
651 1063 710 1106 seu
734 1041 949 1118 Reformatis,
972 1045 1028 1128 qui
1051 1065 1071 1108 a
1094 1045 1270 1127 Religioso
1292 1047 1351 1110 illo

229 1137 332 1220 plane
350 1146 561 1201 recesserunt
582 1136 681 1219 (vers.
705 1138 751 1212 16,
777 1137 839 1221 17).
885 1137 953 1201 Sed
972 1140 1063 1220 quod
1086 1140 1128 1202 de
1151 1139 1202 1202 his
1225 1151 1260 1204 et
1286 1140 1350 1204 illis

229 1231 285 1295 hic
307 1243 438 1313 agatur,
463 1252 596 1315 prorsus
619 1251 686 1295 non
710 1233 786 1295 sciri
809 1241 925 1314 potest
948 1234 1010 1296 nisi
1033 1235 1157 1296 sciatur
1178 1235 1269 1316 quod
1293 1255 1352 1317 per

231 1332 251 1358 ‘⁶
261 1323 410 1390 Bestiam
421 1328 613 1390 coccineam
622 1327 638 1350 ”
650 1323 860 1412 intelligatur
870 1325 1034 1402 Verbum,
1044 1337 1080 1391 et
1092 1329 1184 1410 quod
1196 1328 1354 1393 Ecclesia

229 1421 274 1484 sit
291 1422 475 1484 secundum
489 1423 717 1503 receptionem
732 1419 846 1484 Verbi.
892 1419 992 1502 Quod
1009 1443 1069 1503 per
1081 1414 1261 1487 “Bestiam
1273 1445 1352 1488 coc·

229 1515 361 1578 cineam
370 1515 384 1540 ”
407 1515 617 1598 intelligatur
639 1515 802 1590 Verbum,
826 1517 981 1579 videatur
1002 1537 1102 1600 supra
1126 1515 1173 1600 (n.
1192 1518 1290 1601 723);
1314 1530 1350 1584 et

229 1609 321 1691 quod
338 1609 491 1673 Ecclesia
507 1612 550 1674 sit
568 1609 722 1674 Ecclesia
737 1630 781 1673 ex
802 1609 919 1673 Verbo
937 1622 973 1675 et
989 1613 1173 1676 secundum
1195 1613 1349 1678 intellec-

229 1713 303 1767 tum
320 1705 399 1786 ejus,
416 1706 448 1767 in
464 1705 625 1769 Doctrina
640 1703 756 1768 Novae
769 1705 1018 1787 Hierowbrmae
1034 1707 1077 1769 de
1090 1705 1268 1788 Scn'ptura
1283 1705 1349 1772 Sa-

227 1815 289 1861 cra
305 1797 352 1880 (n.
368 1799 498 1882 76—79).
544 1799 606 1862 Per
623 1799 804 1873 “cornua’'
819 1799 874 1862 hic
894 1806 1050 1863 “cornua
1065 1800 1230 1874 Bestiae.”
1245 1802 1349 1883 signi·

229 1891 349 1956 fleatur
367 1896 522 1976 potentia
540 1893 669 1971 Verbi;
699 1904 734 1958 et
754 1914 813 1976 per
832 1894 979 1958 “decem
998 1896 1146 1959 cornua”
1165 1896 1272 1960 multa
1291 1917 1351 1980 po·

229 1989 349 2062 tentia,
374 1988 426 2051 hic
447 1988 568 2051 Divina
586 1989 750 2070 potentia,
770 1989 847 2072 quia
870 1997 923 2051 est
947 1989 1081 2052 Domini
1105 2009 1165 2072 per
1187 1987 1348 2055 Verbum.

230 2079 332 2163 Quod
354 2083 530 2147 “cornua’‘
548 2081 738 2165 significent
758 2084 957 2165 potentiam,
977 2095 1013 2146 et
1037 2071 1188 2147 “decem
1208 2086 1350 2150 cornua¹’

230 2175 373 2238 multam
390 2178 589 2259 potentiam,
607 2177 759 2240 videatur
778 2196 878 2257 supra
896 2175 942 2258 (n.
959 2191 1031 2256 270,
1050 2191 1065 2256 5
1070 2193 1120 2257 39,
1137 2177 1235 2261 724):
1259 2179 1349 2262 quod

229 2289 289 2354 per
309 2271 459 2353 “reges''
475 2271 705 2352 significentur
723 2271 769 2334 illi
788 2272 843 2354 qui
863 2273 895 2333 in
915 2271 1044 2333 Divinis
1063 2273 1149 2334 veris
1168 2293 1213 2336 ex
1232 2273 1349 2337 Verbo
1417 2287 1422 2298 '

229 2375 320 2440 sunt,
336 2376 372 2429 et
387 2364 558 2430 abstracte
575 2365 697 2428 Divina
713 2363 806 2429 Vera
820 2365 871 2428 ibi-
884 2364 930 2446 (n.
948 2380 998 2439 20,
1015 2365 1087 2444 664,
1101 2364 1190 2448 704),
1207 2376 1242 2431 et
1259 2369 1353 2450 quocl

229 2471 290 2542 per
302 2459 472 2524 u‘decem'’
484 2477 551 2524 non
565 2460 799 2542 intelligantur
811 2460 941 2533 decem,
953 2460 1013 2522 sed
1026 2459 1122 2523 multi
1132 2477 1170 2523 ac
1183 2461 1290 2524 multa
1301 2461 1348 2542 (n.

233 2554 317 2637 101).
364 2556 425 2618 Per
447 2553 639 2637 “regnum''
658 2553 865 2637 significatur
884 2553 1039 2617 Ecclesia
1061 2575 1105 2617 ex
1126 2552 1253 2628 Verbo.
1273 2559 1350 2639 quia

229 2665 289 2733 per
312 2651 462 2733 “reges’'
484 2647 716 2731 significantur
738 2651 793 2732 qui
826 2649 864 2712 in·
883 2648 1013 2712 Divinis
1037 2646 1136 2713 Veris
1162 2669 1207 2714 ex
1232 2647 1349 2716 Verbo

191 2740 198 2753 ‘
228 2755 319 2819 sunt,
335 2748 374 2809 et‘
387 2740 558 2809 abstracte
575 2744 696 2809 Divina
713 2744 804 2809 Vera
819 2744 883 2821 ibi;
907 2744 985 2806 inde
1000 2764 1060 2826 per
1077 2748 1246 2826 “regnum
1263 2765 1347 2809 non-

229 2840 308 2902 dum
322 2838 542 2923 acceperunt”
554 2838 761 2921 significatur
774 2839 866 2922 apud·
875 2857 960 2920 quos
973 2838 1122 2901 nondum
1135 2838 1290 2903 Ecclesia
1302 2842 1350 2905 ita

229 2944 385 3016 separata
404 2954 424 2997 a
443 2934 617 3017 Religioso
636 2934 814 2999 Catholico
831 2934 989 2996 Romano
1008 2929 1096 2995 laeta
1114 2942 1177 2996 est.
1221 2934 1278 2997 Ex
1298 2934 1349 2997 his

230 3029 333 3092 videri
352 3039 477 3111 potest,
494 3030 585 3113 quod
604 3050 662 3111 per
679 3030 825 3092 “decem
844 3046 969 3090 cornua
987 3027 1106 3090 decem
1124 3027 1238 3109 Reges
1257 3042 1347 3103 sunt,

229 3123 283 3204 qui
294 3142 434 3203 regnum
446 3123 595 3186 nondum
606 3120 1051 3205 acceperunt‚''signilicetur
1062 3120 1224 3198 Verbum,
1235 3124 1347 3205 quoad

229 3218 417 3298 potentiam
437 3236 481 3278 ex
502 3215 632 3279 Divinis
651 3214 760 3290 Veris,
780 3216 869 3297 apud
892 3212 969 3279 illos
992 3216 1047 3297 qui
1069 3216 1101 3278 in
1122 3215 1245 3298 Regno
1264 3216 1346 3280 Gal·-

230 3310 293 3373 liae
312 3320 401 3383 sunt,
422 3318 456 3373 et
480 3309 601 3373 alicubi
624 3309 713 3384 alibi,
737 3312 839 3374 etiam
863 3311 918 3392 qui
935 3308 1149 3392 Jansenistae
1171 3322 1346 3385 vocantur,

229 3414 263 3468 et
287 3422 355 3467 non
379 3406 427 3467 ita
449 3404 511 3466 sub
529 3404 610 3485 jugo
634 3404 780 3467 Dominii
799 3404 928 3487 papalis
951 3414 1050 3480 sunt;
1080 3404 1168 3487 apud
1191 3425 1275 3487 quos
1294 3417 1346 3468 ta-

229 3518 306 3562 men
331 3499 478 3561 nondum
503 3497 658 3561 Ecclesia
680 3500 727 3562 ita
749 3509 907 3580 separata
929 3518 952 3561 a·
968 3498 1144 3580 Religioso
1167 3494 1353 3563 Catholico

230 3592 387 3655 Romano
410 3590 497 3656 lafta
520 3602 582 3655 est.
628 3592 758 3656 Dicitur
781 3592 936 3656 Ecclesia
959 3593 1046 3675 apud
1070 3591 1146 3655 illos
1168 3592 1201 3655 in
1222 3592 1346 3675 Regno

230 3684 360 3751 Galliae
383 3688 532 3751 nondum
556 3697 711 3770 separata
734 3708 754 3751 a
776 3685 952 3768 Religioso
975 3686 1154 3750 Catholico
1178 3686 1345 3761 Romano,

228 3783 306 3863 quia
324 3782 483 3845 cohaeret
502 3800 579 3845 cum
599 3780 657 3845 illo
674 3783 707 3844 in
727 3782 890 3856 externis,
909 3780 970 3845 sed
989 3800 1057 3843 non
1073 3782 1121 3844 ita
1143 3782 1176 3843 in
1195 3782 1346 3845 internis.

228 3875 386 3940 Externa
409 3886 486 3938 sunt
509 3874 660 3939 formalia
682 3896 721 3939 ac
745 3877 878 3939 interna
900 3887 979 3939 sunt
998 3874 1199 3938 essentialia.
1244 3873 1346 3957 Quod

227 3970 337 4035 adhuc
357 3970 400 4033 ibi
420 3969 634 4045 cohaereant,
654 3982 707 4035 est
730 3972 807 4053 quia
829 3980 884 4033 tot
906 3969 951 4033 ibi
974 3970 1178 4032 monasteria
1201 3978 1291 4041 sunt,
1311 3982 1346 4033 et

226 4066 305 4149 quia
327 4063 516 4127 sacerdotia
539 4065 583 4126 ibi
607 4065 668 4127 sub
687 4063 758 4146 jure
782 4062 952 4127 Pontificis
974 4072 1064 4138 sunt,
1083 4073 1119 4125 et
1141 4063 1175 4125 hi
1197 4064 1230 4125 in
1254 4066 1352 4127 omni⁴

226 4158 357 4223 formali
376 4169 455 4222 sunt
473 4157 657 4221 secundum
676 4155 786 4223 edilia
805 4155 866 4222 et1¹¹
885 4166 1016 4222 statuta
1034 4156 1186 4239 papalia:
1214 4167 1249 4220 et
1268 4156 1345 4221 inde

227 4253 387 4337 permulti
402 4253 511 4316 adhuc
531 4254 564 4315 in
582 4251 816 4317 essentialibus
833 4252 995 4334 Religiosi
1015 4252 1110 4315 istius
1125 4261 1223 4328 sunt;
1242 4270 1345 4333 quare

227 4347 383 4412 Ecclesia
405 4348 450 4411 ibi
473 4359 630 4429 separata
653 4348 802 4409 nondum
825 4356 888 4411 est.
935 4347 1011 4410 Hoc
1034 4346 1195 4429 estquod
1220 4344 1345 4427 signifi·

226 4452 324 4507 catur
342 4462 400 4525 per
418 4442 508 4524 quod
528 4450 696 4523 “regnum
716 4441 866 4504 nondum
885 4440 1105 4524 acceperint.”

285 4552 380 4627 741.
408 4550 426 4579 ³
436 4542 501 4606 Sed
507 4548 692 4625 metamur
703 4548 846 4625 larome
857 4542 961 4626 Roget
971 4558 1061 4605 unam
1074 4542 1180 4605 lenm
1194 4540 1351 4622 accipiunt

228 4646 297 4697 cum
307 4632 451 4706 suriest
461 4630 628 4715 significat
643 4632 734 4716 quod
752 4630 895 4697 Verbum
908 4632 1004 4714 apud
1013 4631 1091 4695 illos
1106 4631 1228 4708 valeat,
1243 4640 1276 4694 et
1289 4630 1347 4693 illi
