3384 5400
507 633 595 704 'cna
612 653 713 716 run..
730 651 833 704 vens.
854 653 983 744 14--u²
996 653 1069 721 743.
1289 638 1355 718 639

229 831 312 888 cunt
328 822 463 905 quidem
477 821 674 886 Pontificem
694 832 730 886 ut
747 821 858 910 Caput
872 821 1059 897 Ecclesiae,
1071 820 1132 885 sed
1147 819 1299 902 regimen
1315 828 1351 883 et

228 917 403 980 dominiun
422 916 492 998 ejus
510 938 609 999 super
628 916 818 980 Ecclesiam
838 937 906 981 non
925 917 1011 979 sicut
1034 926 1086 979 est
1106 914 1234 997 Capitis
1252 935 1353 996 super

228 1011 371 1094 Corpus,
384 1012 444 1076 sed
457 1013 543 1075 sicut
559 1021 612 1075 est
626 1010 825 1094 Supremum
837 1031 938 1094 supra
953 1009 1094 1092 Corpus,
1107 1008 1197 1094 quod
1213 1029 1281 1071 non
1298 1029 1351 1072 re·

227 1106 280 1186 git
303 1115 338 1169 et
355 1105 548 1170 dominatur
570 1127 615 1170 ex
639 1126 686 1179 se,
706 1107 766 1170 sed
782 1127 827 1170 ex
844 1105 921 1169 Deo
943 1125 1002 1187 per
1020 1103 1183 1178 Verbum,
1202 1113 1238 1166 et
1260 1103 1350 1185 quod

227 1209 310 1262 tunc
344 1201 670 1264 obediendumsit:
709 1189 958 1283 consequenter
990 1199 1081 1282 quod
1113 1199 1351 1279 interpretatio

228 1291 335 1356 Verbi
351 1315 418 1358 non
435 1295 478 1358 sit
494 1293 540 1358 illi
559 1294 622 1358 soli
641 1315 685 1360 ex
705 1295 853 1370 arbitrio,
871 1304 907 1358 ut
926 1291 974 1369 fit,
990 1294 1068 1376 quia
1082 1293 1130 1356 sic
1149 1293 1351 1376 pervertitur

227 1397 264 1450 et
284 1389 369 1470 perit
389 1389 511 1452 Divina
529 1386 712 1453 auctoritas
730 1388 846 1456 Verbi.

288 1497 385 1568 743.
410 1496 496 1563 [Vm.
512 1494 564 1561 ιφ]
591 1485 656 1547 “lli
673 1505 742 1548 orm
754 1483 839 1568 dono
856 1484 1044 1567 pupnoioni,
1058 1485 1118 1548 aad
1127 1482 1231 1566 ipone
1253 1484 1355 1546 nnoot

228 1593 296 1646 ooo,
308 1575 378 1657 quio
389 1575 532 1639 verniano
541 1575 726 1638 dominorum
740 1577 792 1639 ort
803 1574 914 1640 uilior
923 1574 1067 1658 μεμαυῖ’
1082 1573 1249 1656 significat
1259 1583 1349 1656 pug-

228 1687 307 1730 nam
323 1667 462 1731 Domini
479 1689 552 1732 cum
575 1667 644 1730 illis
666 1667 707 1730 de
727 1667 897 1750 agnitione
915 1664 1038 1730 Divr‘rd
1050 1665 1205 1729 Humani
1222 1665 1349 1747 Ipsius,

227 1761 308 1842 qratia
329 1761 491 1826 Dominus
513 1761 547 1825 in
570 1761 634 1826 Illo
661 1772 713 1825 est
734 1761 824 1826 Deus
850 1760 947 1826 Caeli
971 1770 1004 1825 et
1028 1757 1151 1824 Terrae
1173 1769 1207 1824 et
1226 1777 1352 1844 quoque

236 1855 495 1922 Verbum-Per
514 1857 716 1939 “pugnam''
735 1855 868 1920 illorum
890 1875 966 1918 cum
987 1855 1136 1919 Domino'
1157 1866 1192 1918 et
1212 1855 1349 1918 Domini

228 1950 390 2026 cumillis,
405 1971 472 2015 non
485 1950 685 2034 intelligitur
695 1971 809 2035 pugna
818 1949 925 2034 qualis
936 1960 989 2014 est
1001 1971 1021 2012 a
1033 1950 1129 2013 malis
1141 1960 1176 2012 et
1189 1969 1266 2013 cum
1276 1969 1348 2012 ma-

228 2044 281 2120 lis,
300 2046 359 2109 sed
379 2046 486 2128 qualis
499 2055 557 2109 ¹est
576 2046 621 2109 ab
644 2043 709 2108 illis
727 2055 763 2110 et
783 2044 943 2109 cumillis
962 2045 1018 2127 qui
1036 2045 1186 2108 nondum
1209 2044 1242 2106 in
1261 2045 1349 2130 veris

227 2150 307 2204 sunt
320 2141 362 2204 de
376 2140 524 2205 Domino
538 2162 546 2219 ;
571 2159 629 2222 per
643 2147 661 2172 “
673 2140 812 2223 Agnum
821 2138 836 2164 '’
848 2137 1048 2221 intelligitur
1061 2138 1224 2203 Dominus
1236 2140 1348 2222 quoad

228 2233 387 2299 Divinum
407 2233 602 2298 Humanum
618 2245 653 2298 et
669 2255 803 2318 quoque
822 2235 932 2318 quoad
949 2232 1101 2298 Verbum
1122 2232 1169 2314 (n.
1186 2233 1258 2315 269,
1275 2250 1348 2315 291,

230 2328 327 2410 595);
361 2339 396 2392 et
427 2349 485 2412 per
510 2330 672 2395 “vincere
702 2327 779 2393 illos
790 2329 805 2354 ”
828 2327 1035 2411 significatur
1057 2330 1259 2393 convincere
1290 2350 1349 2412 per

228 2421 380 2486 Verbum
395 2443 402 2500 ;
434 2425 540 2506 “quia
558 2434 610 2488 est
635 2423 800 2488 Dominus
818 2424 1030 2486 dominorum
1048 2431 1084 2486 et
1104 2422 1182 2486 Rex
1200 2424 1349 2504 regum,”

227 2515 396 2598 significat
409 2518 485 2600 quia
500 2528 552 2582 est
566 2518 659 2582 Deus
672 2517 765 2591 Caeli
781 2527 816 2582 et
833 2517 977 2580 Terrae:
1001 2536 1046 2581 ex
1064 2518 1223 2580 Dominio
1240 2517 1348 2601 Ipsius

228 2631 327 2693 super
339 2613 452 2675 omnia
465 2611 560 2676 Bona
570 2611 663 2677 Caeli
676 2623 711 2677 et
724 2611 901 2675 Ecclesiae
913 2622 1054 2676 vocatur
1063 2611 1141 2693 lpse
1153 2617 1172 2644 ‘⁴
1181 2611 1347 2677 Dominus
1398 2611 1401 2617 ’

228 2705 471 2784 dominorum,”
489 2719 525 2773 et
548 2730 593 2773 ex
613 2707 737 2791 Regno
761 2708 869 2791 Ipsius
890 2728 990 2790 super
1011 2709 1125 2772 omnia
1143 2706 1235 2772 Vera
1254 2707 1348 2773 Caeli

228 2810 263 2863 et
283 2800 458 2867 Ecclesiae
482 2813 623 2867 vocatur
642 2803 718 2887 lpse
738 2803 846 2867 “Rex
870 2801 1007 2893 regum?
1026 2802 1073 2885 (n.
1095 2802 1194 2886 664):
1227 2824 1272 2868 ex
1296 2806 1348 2868 his

228 2903 335 2976 patet,
355 2896 445 2977 quod
464 2916 523 2980 per
543 2897 604 2961 “hi
623 2897 821 2980 pugnabunt
846 2916 921 2960 cum
942 2896 1057 2979 Agno,
1077 2906 1112 2960 et
1131 2896 1255 2978 Agnus
1273 2900 1347 2961 vin·

228 2999 284 3052 cet
296 3010 365 3065 eos,
378 2992 455 3073 quia
466 3002 519 3055 est
536 2991 701 3055 Dominus
713 2992 926 3054 dominorum
941 3001 976 3053 et
993 2990 1071 3055 Rex
1084 2991 1230 3072 regum,¹’
1242 2994 1347 3073 signi-

228 3080 346 3147 ficetur
361 3105 475 3166 pugna
491 3084 627 3149 Domini
644 3085 800 3150 cumillis
817 3086 860 3149 de
878 3086 1052 3167 agnitione
1068 3085 1180 3150 Divini
1198 3086 1347 3151 Humani

229 3177 377 3252 Domini,
401 3181 477 3262 quia
500 3178 665 3245 Dominus
695 3182 728 3244 in
753 3180 879 3243 Divino
903 3178 1063 3244 Humano
1086 3179 1154 3245 Suo
1176 3191 1229 3244 est
1254 3180 1347 3244 Deus

228 3270 322 3335 Caeli
340 3285 375 3337 et
392 3273 526 3338 Terrae.
572 3274 673 3357 Quod
690 3275 856 3338 Dominus
874 3274 918 3339 sit
934 3274 1027 3338 Deus
1043 3273 1136 3339 Caeli
1155 3285 1190 3339 et
1209 3274 1345 3351 Terrae,

229 3364 306 3449 lpse
324 3368 509 3432 manifestis
527 3369 637 3434 verbis
653 3370 754 3434 docet
767 3390 784 3452 ;‚
799 3388 878 3432 nam
896 3368 990 3443 dicit,

279 3532 402 3583 “Omnia
413 3548 585 3598 quaecunque
597 3534 674 3585 Pater
685 3534 773 3601 babet,
786 3534 851 3585 Mea
861 3542 924 3584 sunt
932 3532 1033 3599 ”'(Joh.
1043 3535 1097 3585 xri.
1112 3530 1194 3595 151¹ll3

278 3599 297 3623 ‘⁸
306 3598 385 3647 Pater
393 3600 466 3649 dedit
477 3600 570 3649 omnia
581 3600 606 3649 ln
620 3614 728 3650 manum
740 3599 797 3649 Filii
805 3600 819 3620 ”
831 3598 906 3664 (Joh.
921 3602 958 3653 lii.
970 3612 1011 3661 35,
1022 3600 1070 3661 36:
1087 3614 1145 3662 cap.
1156 3600 1210 3651 xiil.
1221 3602 1263 3662 sl:

277 3663 364 3724 Pater,
378 3664 474 3714 dedisti
488 3662 554 3714 Mihi
566 3674 725 3727 potestatem
738 3666 827 3715 omnis
839 3668 942 3717 carnis:
963 3668 980 3691 ‘⁸
989 3666 1080 3715 omniu
1093 3666 1155 3715 Mea
1166 3666 1225 3715 Tua
1236 3678 1307 3726 sunt,
1318 3677 1346 3719 et

357 3728 416 3779 Tua
428 3728 512 3779 Mea''
524 3728 598 3795 (Joh.
612 3730 675 3779 xvii.
687 3743 710 3789 a,
726 3743 748 3791 ³.
766 3732 821 3791 ro);

278 3796 296 3817 “
305 3792 374 3843 Data
382 3804 423 3845 est
436 3794 502 3845 Mihi
510 3796 597 3845 omnis
605 3805 723 3859 potestus
736 3796 762 3845 in
776 3796 859 3846 Caelo
870 3806 898 3846 et
909 3798 937 3847 in
946 3795 1052 3846 Terre”
1063 3795 1172 3853 (Mauri.
1183 3796 1274 3846 xxviii.
1288 3798 1345 3857 1⁸);

278 3861 296 3885 ‘⁸
305 3858 363 3923 Ego
379 3874 438 3909 sum
456 3860 514 3920 Via,
529 3860 634 3911 Veritas
651 3870 678 3910 et
696 3860 772 3917 Vita:
790 3876 876 3915 nemo.
888 3863 962 3912 venit
973 3862 1007 3911 sd
1021 3862 1128 3910 Patrem
1141 3861 1193 3911 nisi
1205 3876 1253 3924 per
1265 3861 1311 3911 Me
1321 3862 1345 3913 ε’·

356 3926 548 4041 ριὲξορτῖοιξτῐιτ
557 3926 664 4040 ‘lviii‘
673 3940 724 4053 τρῖ,
736 3929 891 4041 cpgnpsci‘t-
884 3938 911 3977 et
920 3928 992 3978 videt
1003 3927 1109 3977 Patrem
1122 3941 1129 3985 ς
1146 3927 1208 3991 qui,
1217 3929 1235 3951 u
1242 3926 1301 3990 530
1310 3929 1337 3978 in

421 4006 469 4048 e,e
514 4006 607 4041 serm
653 4007 668 4040 e
737 4006 844 4042 ωιτν.
940 4008 947 4053 ;

277 4055 383 4105 “Pater
393 4067 420 4105 et
433 4056 490 4118 Ego
502 4072 584 4107 unum
597 4070 689 4107 sumus
697 3993 798 4123 ”{Joi
813 4073 837 4107 x.
851 3994 932 4120 soil)

276 4120 353 4185 Quod
365 4122 453 4171 omnis
465 4122 509 4186 qul
521 4122 604 4171 credit
621 4123 647 4171 in
661 4120 807 4173 Dominum
819 4122 902 4172 vitam
914 4132 1050 4173 aeternam
1062 4120 1168 4183 lrabeat,
1182 4130 1209 4172 et
1226 4123 1271 4186 qui
1288 4137 1343 4173 non

356 4187 439 4236 credit
455 4187 482 4235 in
502 4186 592 4249 ipsum
611 4201 665 4237 non
678 4188 767 4237 videat
778 4188 862 4238 viram
874 4188 951 4254 (Joh.
963 4188 1001 4239 iii.
1017 4199 1107 4248 1517,
1121 4188 1159 4247 ιθ,
1171 4188 1219 4249 363
1236 4202 1295 4251 cap.
1306 4190 1342 4241 ui.

356 4264 404 4313 ⁴7:
421 4266 479 4315 cap.
498 4248 608 4307 xiulro:
625 4260 653 4301 et
663 4251 745 4314 alibi).

226 4402 309 4487 Quis
332 4424 399 4469 non
423 4405 487 4470 scit
509 4406 599 4489 quod
623 4406 788 4470 Dominus
811 4416 997 4490 conceptus
1019 4408 1063 4471 sit
1089 4427 1109 4470 a
1132 4406 1208 4469 Deo
1231 4404 1342 4479 Patre,

227 4496 318 4579 (Luc.
337 4500 357 4562 i.
375 4516 424 4579 34,
442 4496 519 4581 35);
550 4511 585 4563 et
609 4501 681 4584 quis
704 4520 773 4563 non
794 4502 872 4565 inde
891 4502 975 4565 scire
993 4510 1120 4582 potest,
1140 4499 1230 4582 quod
1249 4498 1342 4563 Deus

226 4592 335 4671 Pater,
353 4590 419 4675 Qui
438 4603 490 4656 est
504 4592 667 4677 Jehovah,
684 4596 869 4679 susceperit
888 4592 1082 4659 Humanum
1099 4594 1133 4658 in
1151 4594 1289 4669 mundo,
1306 4603 1342 4659 et
