3384 5400
328 690 393 772 760
649 699 897 753 neocnm'vms
919 699 1131 749 Ravennae.

327 874 371 936 de
389 873 474 935 binis
493 871 544 935 his
561 870 701 952 Regnis,
718 870 897 934 videantur
912 888 1011 951 supra
1031 866 1078 949 (n.
1094 867 1166 947 647,
1184 865 1272 949 725).
1318 866 1455 932 Dicitur

327 967 417 1049 quod
433 968 501 1029 sint
517 967 717 1047 recipientes
733 965 846 1028 Divini
864 964 949 1027 Boni
964 972 999 1027 et
1016 963 1129 1025 Divini
1144 962 1226 1026 Veri
1242 984 1262 1025 a
1278 962 1453 1039 Domino;

326 1074 362 1126 at
381 1062 554 1124 sciendum
570 1072 635 1135 est,
652 1059 742 1141 quod
761 1059 829 1122 sint
849 1068 1013 1141 perpetuo
1027 1058 1240 1139 recipientes,
1256 1077 1338 1119 nam
1356 1057 1453 1120 Divi-

326 1176 406 1220 num
430 1156 561 1219 Bonum
584 1164 620 1217 et
647 1153 807 1217 Divinum
831 1152 959 1215 Verum
982 1171 1050 1215 non
1076 1162 1218 1234 possunt
1241 1153 1455 1233 appropriari

326 1253 423 1316 alicui
446 1250 570 1331 angelo
596 1259 631 1313 et
658 1248 785 1312 homini
812 1258 850 1311 ut
873 1248 940 1311 sint
963 1246 1043 1328 ejus,
1067 1246 1175 1310 solum
1199 1256 1236 1310 ut
1260 1258 1453 1329 appareant

325 1347 411 1409 sicut
430 1344 510 1425 ejus,
531 1346 608 1427 quia
629 1353 708 1407 sunt
731 1344 874 1421 Divina;
905 1362 1007 1425 quare
1026 1362 1094 1406 non
1114 1351 1228 1423 potest
1247 1341 1370 1423 aliquis
1390 1362 1453 1405 an·

325 1440 422 1523 gelus
440 1450 498 1502 aut
521 1440 625 1502 homo
646 1460 667 1501 a
689 1458 726 1501 se
747 1439 932 1520 producere
951 1436 1086 1520 aliquod
1106 1437 1232 1500 bonum
1250 1446 1308 1499 aut
1329 1457 1453 1501 verum

324 1535 416 1618 quod
438 1536 470 1596 in
490 1554 527 1596 se
545 1542 598 1596 est
617 1533 744 1596 bonum
759 1543 794 1596 et
810 1552 946 1609 verum;
969 1552 1014 1595 ex
1033 1552 1101 1614 quo
1120 1541 1216 1613 patet
1233 1530 1324 1613 quod
1350 1542 1452 1595 tene-

323 1640 424 1693 antur
439 1631 473 1691 in
491 1628 583 1691 bono
597 1638 632 1690 et
649 1648 729 1690 vero
748 1647 768 1689 a
791 1627 949 1699 Domino,
966 1636 1001 1689 et
1018 1627 1107 1708 quod
1124 1626 1284 1688 continue
1300 1635 1451 1689 tenean-

326 1728 401 1793 tur;
424 1738 526 1799 quare
545 1719 660 1800 siquis
679 1719 712 1779 in
730 1716 870 1781 Caelum
886 1717 990 1790 venit,
1008 1726 1042 1781 et
1059 1719 1190 1799 cogitat
1207 1720 1296 1802 quod
1316 1720 1449 1785 bonum

325 1820 362 1873 et
388 1830 504 1874 verum
530 1813 598 1875 sint
625 1812 654 1874 ei
684 1811 901 1893 appropriata
927 1820 965 1873 ut
991 1831 1061 1884 sua,
1089 1810 1181 1876 illico
1207 1812 1405 1879 demittitur
1432 1838 1451 1879 e

325 1901 431 1967 Caelo
453 1911 490 1964 et
520 1902 704 1964 instruitur.
749 1901 888 1964 Etr-his
912 1920 999 1964 nunc
1023 1912 1181 1964 constare
1205 1912 1331 1983 potest,
1356 1904 1452 1986 quod

325 2018 385 2079 per
409 2002 537 2059 “erunt
560 1996 757 2057 sacerdotes
780 1995 845 2058 Dei
868 2005 903 2058 et
927 1994 1075 2059 Christi”
1097 1994 1303 2076 significetur
1325 2000 1409 2080 quia
1431 2020 1452 2062 a

324 2092 475 2155 Domino
494 2100 652 2153 tenentur
674 2091 708 2152 in
730 2090 823 2154 bono
843 2090 968 2153 amoris
990 2099 1026 2154 et
1048 2090 1127 2153 inde
1150 2092 1183 2153 in
1202 2091 1288 2154 veris
1310 2094 1451 2175 sapien·

324 2189 402 2250 tiae.

377 2316 466 2388 Quod
481 2333 533 2387 per
543 2324 558 2344 “
566 2316 736 2371 sacerdotes
744 2315 759 2335 '¹
770 2315 800 2369 in
810 2315 911 2370 Verbo
922 2316 1126 2387 intelligantur
1134 2316 1185 2387 qui
1200 2316 1229 2371 in
1240 2318 1322 2373 bono
1332 2320 1450 2376 amoris

322 2404 341 2443 a
354 2388 486 2442 Domino
498 2397 576 2447 sunt.
590 2396 727 2441 constare
740 2396 841 2456 potest
860 2402 878 2441 a
896 2387 998 2441 multis
1010 2387 1083 2441 locis
1103 2388 1141 2441 ibi
1152 2406 1159 2449 ;
1184 2404 1260 2458 quae
1272 2390 1344 2459 quia
1355 2391 1451 2447 allata

322 2470 397 2584 ῗιιὲιὲὲ
407 2458 762 2653 isigilmrirffaelcstibus
774 2456 902 2511 Londini
916 2457 1012 2519 editis,
1023 2458 1093 2511 volo
1105 2459 1202 2512 solum
1216 2459 1323 2514 exinde
1336 2460 1448 2518 afferre

376 2598 445 2671 Quo
485 2598 663 2653 Sacerdotes
681 2598 968 2668 repraesentaverint
988 2598 1151 2653 Dominum
1170 2601 1270 2670 quoad
1298 2600 1447 2658 Divinum

324 2671 442 2725 Bonum
457 2671 497 2740 (0.
512 2682 589 2738 2015,
601 2669 693 2736 6148).
730 2667 820 2742 Quod
840 2669 1046 2725 Sacerdotium
1061 2680 1140 2726 esset
1158 2674 1447 2742 repraesentativum

323 2741 445 2796 Domini
470 2741 570 2811 quoad
596 2756 671 2810 opus
690 2741 872 2802 salvationis,
891 2741 962 2812 quia
986 2741 1044 2796 hoc
1068 2753 1132 2796 erat
1157 2758 1194 2796 ex
1221 2741 1334 2798 Divino·
1356 2745 1448 2801 Bono

325 2811 558 2895 DivinilAmoris
572 2809 669 2893 Ipsius
680 2813 719 2879 (n.
730 2812 821 2879 9809).
859 2810 947 2882 Quod
962 2811 1167 2896 Sacerdotium
1180 2813 1338 2896 Aharonis
1352 2814 1447 2900 lfilio-

323 2881 1447 3025 ‘stiltittdttttt‘ttttt?1tftttttttltt:ttfftttlttttff

321 3035 353 3080 et
366 3041 418 3094 per
430 3022 658 3077 “Sacerdotium
668 3022 682 3042 '⁵
692 3023 875 3094 significetur
887 3025 998 3078 bonum
1012 3025 1122 3080 amoris
1134 3041 1152 3078 a
1194 3026 1297 3080 omino
1311 3029 1351 3093 (n.
1362 3029 1445 3096 9806,

394 3135 400 3149 .
431 3092 520 3166 Quod
532 3109 585 3163 per
592 3094 653 3146 duo
664 3091 801 3154 Nomina,
813 3093 917 3165 “Jesus
926 3094 941 3114 ’'
951 3105 982 3149 et
991 3101 1006 3123 ‘¹
1015 3093 1179 3156 Christus,”
1187 3095 1444 3166 significeturtam

344 3165 614 3233 acerdotalequam
636 3163 763 3234 Regium
785 3164 906 3218 Domini
921 3167 961 3234 (n.
976 3180 1052 3234 3004,
1067 3179 1143 3234 3005,
1155 3167 1245 3248 3⁰⁰9>-
1283 3167 1373 3238 Quod
1392 3169 1446 3226 Sa-

321 3236 458 3290 cerdotes
481 3235 691 3289 ministrabunt
717 3235 932 3298 Ecclesiastica
954 3246 985 3290 et
1013 3237 1110 3307 Reges
1132 3236 1241 3292 Civilia
1261 3239 1302 3306 (n.
1325 3243 1445 3309 ¹0·793)·

322 3305 411 3378 Quod
426 3305 602 3360 Sacerdotes
615 3306 766 3359 docebunt
778 3322 856 3366 vera,
870 3317 901 3360 et
914 3323 967 3376 per
980 3307 1029 3361 illa
1042 3308 1153 3361 ducent
1165 3308 1202 3361 ad
1218 3309 1340 3370 bonum,
1354 3320 1385 3364 et
1398 3313 1445 3366 sic

320 3378 358 3431 ad
370 3376 531 3430 Dominum
543 3377 583 3444 (n.
596 3377 710 3443 1o‚794).
735 3374 824 3447 Quod
835 3393 895 3430 non
906 3377 1100 3431 vindicabunt
1110 3378 1166 3432 sibi
1176 3377 1224 3447 jus
1230 3395 1320 3448 super
1326 3381 1444 3437 animas

322 3448 652 3515 hominum(n.1o.795).
674 3443 764 3516 Quod
774 3447 984 3502 Sacerdotibus
993 3449 1087 3502 eritdi
1131 3448 1186 3502 itas
1195 3450 1444 3518 proptersantfia3

320 3517 374 3572 sed
393 3518 475 3587 quod
493 3517 669 3587 dignitatem
690 3533 749 3571 non
774 3518 830 3572 sibi
856 3518 997 3579 tribuent,
1016 3519 1068 3574 sed
1123 3518 1226 3574 omino
1246 3535 1264 3574 a
1283 3513 1353 3591 Quo
1367 3521 1443 3578 Solo

320 3598 391 3642 sunt
409 3585 518 3649 santia,
532 3588 602 3658 quia
621 3586 826 3642 Sacerdotium
846 3599 972 3643 nonest
992 3589 1021 3642 in
1042 3605 1176 3659 persona,
1189 3590 1242 3645 sed
1261 3590 1440 3661 adjunctum

360 3672 464 3711 rsonae
476 3660 516 3724 (n.
528 3659 629 3723 10.796,
641 3655 781 3725 ro,797¹¹1).
818 3657 907 3731 Quod
927 3658 1104 3714 Sacerdotes
1122 3661 1174 3730 qui
1193 3676 1253 3714 non
1270 3673 1443 3732 agnoscunt

372 3729 493 3790 minum,
507 3728 537 3781 in
550 3727 650 3783 Verbo
663 3728 829 3798 significent
841 3731 991 3784 contraria
1004 3731 1044 3800 (n.
1059 3730 1149 3799 3670).

380 3869 480 3952 855.
507 3870 573 3933 ‘fr
585 3870 759 3953 reprobunt
769 3891 839 3934 aum
853 3869 920 3952 1μο
929 3871 1010 3934 mille
1022 3873 1157 3944 annos,''
1171 3873 1340 3955 significat
1352 3876 1446 3957 quod

319 3961 375 4024 illi
378 3961 536 4044 Jizmdum
553 3961 588 4024 in
606 3961 703 4026 Caelo
717 3973 834 4037 essent,
850 3985 922 4026 cum
937 3963 1060 4046 reliqui
1073 3963 1134 4046 qui
1149 3965 1290 4028 nondum
1308 3968 1439 4031 revixe-

318 4066 407 4129 runt,
420 4055 479 4118 hoc
492 4066 552 4124 est.
564 4056 670 4118 vitam
680 4056 850 4120 caelestem
860 4068 1058 4139 acceperunt,
1071 4059 1106 4120 in
1121 4057 1246 4122 Mrrnab
1257 4059 1440 4146 spt'rt'tuum

317 4149 541 4213 essent—Per
565 4155 734 4232 “regnare
757 4171 832 4214 cum
857 4151 1015 4215 Christo”
1039 4173 1106 4216 non
1130 4151 1338 4236 significatur
1360 4176 1437 4239 reg·

319 4263 400 4306 nare
425 4264 501 4306 cum
533 4245 621 4326 Ipso,
646 4247 705 4308 sed
735 4247 768 4308 in
799 4247 922 4328 Regno
949 4247 1057 4329 Ipsius
1084 4269 1142 4312 seu
1171 4250 1204 4311 in
1231 4247 1337 4313 Caelo
1363 4271 1438 4315 esse

320 4335 489 4418 (videatur
504 4359 613 4421 supra,
630 4360 662 4402 n.
679 4342 750 4419 284,
767 4341 843 4422 849)
859 4363 866 4418 ;
890 4361 949 4425 per
966 4341 1087 4405 “mille
1103 4362 1209 4406 annos
1217 4343 1232 4366 ”
1247 4363 1316 4406 non
1336 4344 1436 4409 intel-

317 4431 466 4513 liguntur
489 4432 580 4496 mille
602 4435 692 4506 anni.
711 4435 771 4498 sed
795 4435 1001 4517 significatur
1023 4436 1227 4519 aliquamdiu
1250 4435 1302 4520 (ut
1326 4459 1434 4522 supra,

317 4545 350 4588 n.
377 4526 474 4609 842):
507 4528 597 4608 quod
626 4528 746 4592 “mille
772 4530 875 4594 anni”
898 4550 966 4593 non
996 4530 1086 4594 aliud
1113 4531 1308 4613 significent
1335 4553 1434 4615 quam

316 4619 399 4684 illud
418 4622 564 4702 spatium
583 4625 744 4706 temporis
759 4624 849 4707 quod
869 4635 942 4688 erat
960 4626 1048 4688 inter
1066 4626 1286 4690 inclusionem
1306 4627 1434 4693 Draco·
