3384 5400
521 695 599 746 cae.
617 696 702 758 xvv,
719 694 822 746 vans.
842 681 1063 762 18·-N·649.⁰
1318 697 1378 764 553

321 865 424 950 648.
450 877 535 944 [Vere.
551 875 603 944 ut]
630 867 695 928 “fr
714 865 794 929 olive
813 864 946 948 topatus
968 865 1060 928 crivit
1078 885 1120 928 er
1138 865 1246 938 Alteri,
1263 865 1380 928 iniens

194 959 199 968 '
257 965 442 1041 potestatem
467 979 564 1042 svper
588 960 725 1043 ignem?
748 959 916 1042 significat
947 959 1065 1024 Caelos
1089 959 1202 1040 Regni
1224 958 1377 1022 caelestis

259 1052 404 1127 Domini,
423 1051 483 1133 qui
502 1052 536 1114 in
558 1051 648 1114 Bono
669 1051 808 1116 Amoris
829 1072 852 1114 a
873 1051 1014 1114 Domino
1035 1050 1228 1114 sunt-Per
1247 1049 1377 1112 “alium

261 1146 457 1229 Angelum”
475 1147 527 1210 hic
551 1145 780 1229 significantur
799 1146 892 1209 Caeli
916 1145 1027 1227 Regni
1050 1145 1206 1208 caelestis
1230 1144 1376 1218 Domini,

259 1242 336 1324 quia
358 1241 446 1305 visus
469 1251 521 1304 est
544 1241 638 1304 exire
658 1262 704 1304 ex
728 1240 845 1318 altari;
873 1260 932 1323 per
956 1238 1091 1302 “altare
1100 1239 1116 1263 ’'
1138 1240 1227 1301 enim
1250 1237 1377 1319 signifi·

260 1346 355 1398 catur
373 1335 483 1399 cultus
502 1334 637 1397 Domini
656 1355 700 1398 ex
720 1353 845 1407 amore,
865 1334 1019 1397 videatur
1036 1354 1136 1415 supra
1156 1332 1202 1412 (n.
1221 1332 1318 1415 392);
1341 1342 1377 1395 et

259 1449 318 1512 per
342 1428 506 1512 “ignem'’
529 1427 735 1510 significatur
761 1448 856 1492 amor
884 1426 931 1508 (n.
953 1427 1053 1510 468);
1089 1439 1125 1490 et
1153 1446 1211 1508 per
1235 1428 1376 1508 “ignem

259 1543 357 1606 super
385 1521 508 1586 altari”
536 1522 742 1604 significatur
769 1522 880 1586 Amor
908 1522 1048 1584 Divinus
1078 1521 1124 1602 (n.
1154 1519 1251 1602 395):
1285 1521 1377 1603 quod

259 1619 389 1681 dicatur
407 1617 497 1700 quod
517 1617 698 1680 “habuerit
722 1626 929 1700 potestatem
952 1636 1050 1698 super
1068 1615 1211 1697 ignem,’'
1230 1625 1282 1678 est
1301 1617 1377 1697 quia

259 1709 371 1794 angeli
390 1710 584 1774 custodiunt
602 1712 690 1792 apud
709 1732 745 1774 se
761 1709 855 1774 illum
874 1731 1033 1774 amorem.

295 1831 297 1836 '
318 1813 430 1901 6492
452 1817 518 1880 ‘fr
534 1817 677 1880 clamarit
693 1817 829 1880 elamore
842 1834 954 1899 moeno
967 1816 1092 1879 botenti
1108 1815 1222 1878 iuteom
1243 1821 1377 1888 ceuton,

259 1913 376 1986 dicens,
391 1912 475 1976 lter·
488 1917 572 1974 wear
591 1910 705 1974 ioleem
719 1917 855 1984 neotum,
869 1918 904 1974 et
916 1911 1062 1974 vindemio
1075 1911 1180 1974 torm
1196 1910 1299 1974 vinem
1315 1916 1379 1972 tee-

258 2002 353 2075 eoo,”
374 2000 542 2084 significat
563 2001 787 2082 operationem
808 1999 949 2063 Domini
971 2021 1013 2064 ex
1037 2001 1128 2064 Bono
1148 2001 1290 2063 Amoris
1314 1999 1379 2064 Sui

253 2103 317 2176 per
339 2093 498 2157 Dt'ett'rtum
522 2091 640 2156 Verum
669 2091 769 2156 Verbi
789 2092 854 2157 Sui
872 2091 906 2154 in
928 2103 1028 2172 opera
1045 2091 1223 2155 charitatis
1241 2102 1272 2155 et
1280 2091 1375 2175 fidei,

258 2209 342 2270 quae
365 2187 462 2269 opud
484 2187 630 2251 homines
659 2187 825 2251 Ecclesiae
854 2185 1072 2273 Christianae
1098 2186 1296 2250 sunt-llic
1324 2198 1376 2250 est

257 2281 384 2346 Sensus
406 2282 585 2365 spiritualis
608 2282 726 2345 horum
749 2282 939 2352 verborum,
958 2282 1116 2364 quoniam
1139 2301 1199 2362 per
1221 2280 1317 2343 binos
1336 2281 1376 2343 il·

258 2374 309 2439 los
323 2375 508 2458 “Angelos
516 2376 530 2400 ”
542 2373 772 2458 significantur
785 2375 879 2439 Caeli
896 2375 1007 2457 Regni
1019 2375 1199 2458 spiritualis
1211 2385 1246 2437 et
1264 2374 1375 2457 Regni

258 2470 414 2534 caelestis
438 2469 573 2533 Domini
598 2468 644 2550 (n.
667 2469 739 2550 647,
762 2469 862 2552 648);
899 2490 938 2532 ac
962 2468 1055 2533 Caeli
1079 2468 1159 2531 nihil
1182 2469 1306 2531 faciunt
1330 2489 1375 2532 ex

250 2571 304 2639 se,
335 2563 395 2628 sed
430 2584 450 2626 a
486 2563 644 2638 Domino,
677 2564 789 2646 angeli
826 2566 915 2627 enim
951 2565 984 2626 in
1017 2562 1129 2627 Caelis
1162 2572 1240 2626 sunt
1273 2563 1376 2626 modo

257 2659 476 2741 recipientes;
496 2677 597 2741 quare
613 2658 694 2723 nihil
711 2658 799 2722 aliud
816 2659 849 2721 in
866 2657 974 2723 Sensu
989 2657 1152 2741 spirituali
1169 2655 1375 2739 significatur

255 2772 358 2835 quam
374 2754 526 2835 operatio
541 2752 687 2828 Domini,
700 2752 753 2816 hic
770 2754 802 2817 in
820 2753 1009 2816 Ecclesiam
1025 2754 1058 2815 in
1074 2752 1267 2815 Christiano
1282 2752 1374 2826 orbe,

257 2849 357 2929 inque
376 2865 478 2928 opera
498 2847 672 2910 charitatis
690 2858 724 2911 et
748 2846 824 2910 fidei
843 2848 931 2929 apud
955 2848 1109 2910 homines
1131 2847 1195 2921 ibi;
1220 2864 1278 2927 per
1297 2846 1375 2910 “vi-

258 2940 380 3003 neam''
401 2940 491 3004 enim
514 2940 720 3022 significatur
741 2941 799 3004 illa
822 2940 977 3006 Ecclesia
1002 2940 1059 3023 (de
1081 2961 1147 3023 qua
1173 2942 1206 3002 in
1233 2940 1376 3004 articulo

256 3034 315 3116 651
348 3034 538 3117 sequente),
566 3045 601 3099 et
630 3055 690 3118 per
717 3036 886 3099 “botros'’
915 3047 950 3099 et
981 3035 1114 3098 “uvas’‘
1144 3032 1376 3115 significantur

258 3149 360 3211 opera
378 3128 571 3207 charitatis3
595 3130 684 3211 quod
703 3129 786 3193 haec
807 3150 866 3212 per
882 3130 1027 3193 “botros
1036 3131 1050 3154 ”
1066 3138 1101 3192 et
1119 3128 1252 3191 “uvas''
1270 3130 1374 3209 signi-

257 3222 408 3298 ficentur,
428 3234 481 3287 est
500 3226 576 3307 quia
598 3235 676 3288 sunt
699 3222 823 3289 fruitus
841 3226 920 3288 vitis
943 3226 975 3289 in
994 3226 1103 3294 vinea.
1123 3234 1158 3287 et
1182 3244 1239 3305 per
1260 3224 1373 3287 “sruc-

258 3317 335 3380 tus”
353 3318 386 3380 in
408 3318 524 3382 Verbo
546 3316 777 3399 significantur
799 3320 890 3381 bona
912 3339 1023 3400 opera.
1069 3317 1170 3398 Quod
1190 3317 1375 3399 “Angelus

258 3412 376 3475 exiens
395 3432 439 3476 ex
459 3411 572 3476 Alteri
587 3414 711 3476 dixerit
725 3414 772 3475 ad
792 3412 965 3494 Angelum
980 3414 1036 3496 qui
1055 3414 1161 3476 exivit
1180 3432 1199 3475 e
1218 3411 1374 3494 Templo,

258 3505 347 3588 quod
377 3507 430 3570 hic
460 3508 611 3570 mitteret
640 3506 760 3570 falcem
789 3517 823 3570 et
852 3507 1102 3581 vindemiaret,”
1131 3517 1183 3570 est
1210 3508 1287 3589 quia
1315 3527 1375 3590 per

259 3600 461 3683 “Angelum
480 3612 664 3665 exeuntem
684 3622 729 3664 ex
749 3599 888 3664 Altari''
903 3600 1133 3683 significantur
1151 3600 1245 3665 Caeli
1264 3599 1375 3681 Regni

258 3694 414 3757 caelestis
437 3715 495 3758 seu
518 3693 611 3758 Caeli
629 3696 684 3777 qui
707 3697 740 3757 in
764 3696 861 3759 bonis
883 3698 1114 3768 ammissum,
1134 3705 1169 3758 et
1193 3714 1251 3776 per
1271 3694 1375 3757 “An-

258 3787 371 3869 gelum
390 3798 574 3852 exeuntem
595 3810 614 3851 e
633 3788 777 3871 Templo
785 3788 800 3814 ¹’
816 3790 1047 3871 significantur
1065 3790 1157 3854 Caeli
1178 3789 1289 3871 Regni
1308 3790 1375 3870 spi-

259 3882 385 3945 ritualis
414 3903 474 3946 seu
503 3882 595 3946 Caeli
622 3884 676 3965 qui
707 3885 739 3946 in
766 3886 853 3946 veris
882 3886 1068 3966 sapientiae
1098 3894 1186 3955 sunt,
1213 3893 1249 3946 ut
1276 3901 1376 3963 supra

259 3972 384 4038 didlum
407 3987 479 4055 est3
510 3997 549 4039 ac
569 3978 694 4041 bonum
710 3980 833 4041 amoris
856 3998 923 4041 non
945 3991 1103 4060 operatur
1120 3978 1243 4060 aliquid
1263 3997 1307 4039 ex
1327 3997 1374 4051 se,

258 4070 318 4132 sed
345 4089 403 4151 per
424 4090 540 4133 verum
562 4073 757 4153 sapientiae,
782 4092 843 4135 nec
866 4092 982 4135 verum
1007 4073 1192 4153 sapientiae
1217 4079 1376 4152 operatur

258 4163 382 4246 aliquid
400 4185 444 4227 ex
464 4166 587 4239 se,·sed
606 4186 650 4228 ex
669 4166 760 4228 bono
777 4168 920 4243 amoris;
943 4167 1034 4248 quod
1052 4168 1101 4229 ita
1115 4168 1170 4239 sit,
1187 4165 1301 4227 multis
1319 4184 1374 4225 os-

259 4266 391 4320 tensum
408 4268 460 4321 est
476 4259 509 4321 in
523 4258 696 4339 Sopekntio
706 4260 736 4321 A
743 4260 868 4341 ngelica
879 4261 919 4324 de
932 4258 1055 4323 Divino
1065 4259 1191 4321 Amore
1204 4269 1236 4320 et
1249 4255 1376 4319 Divina

260 4350 454 4431 SapientioJ
477 4352 559 4416 haec
579 4373 679 4416 causa
700 4364 762 4427 est,
782 4354 874 4436 quod
893 4353 1078 4436 “Angelus
1100 4354 1219 4416 exiens
1242 4372 1286 4415 ex
1310 4349 1375 4412 Al-

260 4445 345 4507 tari”
378 4446 503 4509 dixerit
534 4448 577 4509 ad
613 4446 815 4528 “Angelum
847 4450 904 4531 qui
939 4450 1046 4511 exivit
1078 4469 1097 4510 e
1130 4444 1305 4527 Templo,”
1337 4454 1373 4506 ut

260 4540 441 4603 “mitteret
469 4540 589 4603 falcem
620 4552 654 4604 et
685 4543 906 4606 vindemiaret
936 4544 1053 4606 botros
1078 4542 1196 4603 vineae
1228 4550 1337 4603 terrae
1348 4538 1375 4600 :''

260 4632 337 4696 inde
359 4652 448 4697 nunc
471 4644 534 4711 est,
554 4635 643 4718 quod
667 4656 726 4719 per
748 4635 805 4700 illa
828 4636 1034 4721 significetur
1053 4634 1215 4718 Operatio
1238 4634 1375 4697 Domini
