<?xml version="1.0" encoding="UTF-8"?>
<!DOCTYPE html PUBLIC "-//W3C//DTD XHTML 1.0 Transitional//EN"
    "http://www.w3.org/TR/xhtml1/DTD/xhtml1-transitional.dtd">
<html xmlns="http://www.w3.org/1999/xhtml" xml:lang="en" lang="en">
 <head>
  <title>
</title>
<meta http-equiv="Content-Type" content="text/html;charset=utf-8" />
  <meta name='ocr-system' content='tesseract 3.04.00' />
  <meta name='ocr-capabilities' content='ocr_page ocr_carea ocr_par ocr_line ocrx_word'/>
</head>
<body>
  <div class='ocr_page' id='page_1' title='image "./apocalypsisreve00swedgoog_0009.png"; bbox 0 0 3384 5400; ppageno 0'>
   <div class='ocr_carea' id='block_1_1' title="bbox 703 681 958 740">
    <p class='ocr_par' dir='ltr' id='par_1_1' title="bbox 703 681 958 740">
     <span class='ocr_line' id='line_1_1' title="bbox 703 681 958 740; baseline -0.024 -4"><span class='ocrx_word' id='word_1_1' title='bbox 703 681 958 740; x_wconf 74' lang='lat' dir='ltr'>APOCALYPSIS.</span> 
     </span>
    </p>
   </div>
   <div class='ocr_carea' id='block_1_2' title="bbox 260 1741 1489 4577">
    <p class='ocr_par' dir='ltr' id='par_1_2' title="bbox 271 1741 1391 2021">
     <span class='ocr_line' id='line_1_2' title="bbox 398 1746 1390 1848; baseline 0.007 -28"><span class='ocrx_word' id='word_1_2' title='bbox 398 1746 432 1820; x_wconf 93' lang='lat' dir='ltr'><strong>T</strong></span> <span class='ocrx_word' id='word_1_3' title='bbox 457 1747 541 1830; x_wconf 92' lang='lat' dir='ltr'>vidi,</span> <span class='ocrx_word' id='word_1_4' title='bbox 559 1763 597 1821; x_wconf 96' lang='lat' dir='ltr'>et</span> <span class='ocrx_word' id='word_1_5' title='bbox 621 1773 706 1824; x_wconf 89' lang='lat' dir='ltr'>ecce</span> <span class='ocrx_word' id='word_1_6' title='bbox 726 1749 861 1848; x_wconf 93' lang='lat' dir='ltr'>Agnus</span> <span class='ocrx_word' id='word_1_7' title='bbox 885 1765 985 1824; x_wconf 88' lang='lat' dir='ltr'>stans</span> <span class='ocrx_word' id='word_1_8' title='bbox 1006 1775 1117 1848; x_wconf 89' lang='lat' dir='ltr'>super</span> <span class='ocrx_word' id='word_1_9' title='bbox 1134 1750 1266 1826; x_wconf 84' lang='lat' dir='ltr'><strong>Monte</strong></span> <span class='ocrx_word' id='word_1_10' title='bbox 1288 1751 1390 1836; x_wconf 87' lang='lat' dir='ltr'>Sion,</span> 
     </span>
     <span class='ocr_line' id='line_1_3' title="bbox 271 1741 1391 2021; baseline 0.006 -87"><span class='ocrx_word' id='word_1_11' title='bbox 271 1741 394 2021; x_wconf 74' lang='lat' dir='ltr'><em>E</em></span> <span class='ocrx_word' id='word_1_12' title='bbox 423 1877 559 1936; x_wconf 89' lang='lat' dir='ltr'>etcum</span> <span class='ocrx_word' id='word_1_13' title='bbox 578 1863 664 1960; x_wconf 92' lang='lat' dir='ltr'>Ipso</span> <span class='ocrx_word' id='word_1_14' title='bbox 681 1879 826 1938; x_wconf 85' lang='lat' dir='ltr'>centum</span> <span class='ocrx_word' id='word_1_15' title='bbox 843 1863 1256 1964; x_wconf 75' lang='lat' dir='ltr'>quadragintaquatuor</span> <span class='ocrx_word' id='word_1_16' title='bbox 1272 1865 1391 1950; x_wconf 85' lang='lat' dir='ltr'>millia,</span> 
     </span>
    </p>

    <p class='ocr_par' dir='ltr' id='par_1_3' title="bbox 265 1977 1392 2170">
     <span class='ocr_line' id='line_1_4' title="bbox 424 1977 1392 2080; baseline 0.005 -29"><span class='ocrx_word' id='word_1_17' title='bbox 424 1977 602 2052; x_wconf 87' lang='lat' dir='ltr'>habentes</span> <span class='ocrx_word' id='word_1_18' title='bbox 629 1977 778 2052; x_wconf 87' lang='lat' dir='ltr'>Nomen</span> <span class='ocrx_word' id='word_1_19' title='bbox 805 1978 919 2052; x_wconf 87' lang='lat' dir='ltr'>Patris</span> <span class='ocrx_word' id='word_1_20' title='bbox 943 1980 1062 2076; x_wconf 87' lang='lat' dir='ltr'><strong>Ipsius</strong></span> <span class='ocrx_word' id='word_1_21' title='bbox 1084 1981 1256 2078; x_wconf 85' lang='lat' dir='ltr'>scriptum</span> <span class='ocrx_word' id='word_1_22' title='bbox 1281 2007 1392 2080; x_wconf 88' lang='lat' dir='ltr'>super</span> 
     </span>
     <span class='ocr_line' id='line_1_5' title="bbox 265 2093 540 2170; baseline -0.015 0"><span class='ocrx_word' id='word_1_23' title='bbox 265 2095 440 2170; x_wconf 79' lang='lat' dir='ltr'>frontibus</span> <span class='ocrx_word' id='word_1_24' title='bbox 456 2093 540 2166; x_wconf 79' lang='lat' dir='ltr'>suis</span> 
     </span>
    </p>

    <p class='ocr_par' dir='ltr' id='par_1_4' title="bbox 264 2205 1390 2533">
     <span class='ocr_line' id='line_1_6' title="bbox 317 2205 1389 2307; baseline 0.001 -23"><span class='ocrx_word' id='word_1_25' title='bbox 317 2235 350 2284; x_wconf 90' lang='lat'>2.</span> <span class='ocrx_word' id='word_1_26' title='bbox 386 2210 434 2282; x_wconf 90' lang='lat' dir='ltr'>Et</span> <span class='ocrx_word' id='word_1_27' title='bbox 453 2207 574 2283; x_wconf 89' lang='lat' dir='ltr'>audivi</span> <span class='ocrx_word' id='word_1_28' title='bbox 596 2232 724 2280; x_wconf 90' lang='lat' dir='ltr'>vocem</span> <span class='ocrx_word' id='word_1_29' title='bbox 745 2231 767 2280; x_wconf 90' lang='lat' dir='ltr'>e</span> <span class='ocrx_word' id='word_1_30' title='bbox 788 2205 912 2292; x_wconf 84' lang='lat' dir='ltr'>Caelo,</span> <span class='ocrx_word' id='word_1_31' title='bbox 933 2223 1107 2305; x_wconf 86' lang='lat' dir='ltr'>tanquam</span> <span class='ocrx_word' id='word_1_32' title='bbox 1128 2235 1258 2284; x_wconf 88' lang='lat' dir='ltr'>vocem</span> <span class='ocrx_word' id='word_1_33' title='bbox 1278 2235 1389 2307; x_wconf 88' lang='lat' dir='ltr'>aqua-</span> 
     </span>
     <span class='ocr_line' id='line_1_7' title="bbox 264 2322 1390 2424; baseline -0.001 -23"><span class='ocrx_word' id='word_1_34' title='bbox 264 2351 344 2402; x_wconf 85' lang='lat' dir='ltr'>rum</span> <span class='ocrx_word' id='word_1_35' title='bbox 372 2322 573 2406; x_wconf 87' lang='lat' dir='ltr'>multarum,</span> <span class='ocrx_word' id='word_1_36' title='bbox 600 2335 638 2395; x_wconf 92' lang='lat' dir='ltr'>et</span> <span class='ocrx_word' id='word_1_37' title='bbox 662 2337 835 2418; x_wconf 88' lang='lat' dir='ltr'>tanquam</span> <span class='ocrx_word' id='word_1_38' title='bbox 863 2347 991 2396; x_wconf 92' lang='lat' dir='ltr'>vocem</span> <span class='ocrx_word' id='word_1_39' title='bbox 1017 2324 1163 2397; x_wconf 79' lang='lat' dir='ltr'>tonitrui</span> <span class='ocrx_word' id='word_1_40' title='bbox 1189 2325 1325 2424; x_wconf 85' lang='lat' dir='ltr'>magni,</span> <span class='ocrx_word' id='word_1_41' title='bbox 1350 2341 1390 2400; x_wconf 91' lang='lat' dir='ltr'>et</span> 
     </span>
     <span class='ocr_line' id='line_1_8' title="bbox 264 2435 1330 2533; baseline 0.002 -21"><span class='ocrx_word' id='word_1_42' title='bbox 264 2463 393 2512; x_wconf 89' lang='lat' dir='ltr'>vocem</span> <span class='ocrx_word' id='word_1_43' title='bbox 410 2435 530 2512; x_wconf 90' lang='lat' dir='ltr'>audivi</span> <span class='ocrx_word' id='word_1_44' title='bbox 548 2435 833 2511; x_wconf 89' lang='lat' dir='ltr'>citharaedorum</span> <span class='ocrx_word' id='word_1_45' title='bbox 852 2435 1069 2533; x_wconf 89' lang='lat' dir='ltr'>pulsantium</span> <span class='ocrx_word' id='word_1_46' title='bbox 1087 2437 1229 2514; x_wconf 86' lang='lat' dir='ltr'>citharis</span> <span class='ocrx_word' id='word_1_47' title='bbox 1245 2440 1330 2514; x_wconf 83' lang='lat' dir='ltr'>suis</span> 
     </span>
    </p>

    <p class='ocr_par' dir='ltr' id='par_1_5' title="bbox 262 2550 1390 2997">
     <span class='ocr_line' id='line_1_9' title="bbox 316 2550 1390 2647; baseline 0.004 -22"><span class='ocrx_word' id='word_1_48' title='bbox 316 2575 349 2646; x_wconf 85' lang='lat'>3.</span> <span class='ocrx_word' id='word_1_49' title='bbox 384 2553 432 2626; x_wconf 92' lang='lat' dir='ltr'>Et</span> <span class='ocrx_word' id='word_1_50' title='bbox 461 2550 640 2626; x_wconf 85' lang='lat' dir='ltr'>canebant</span> <span class='ocrx_word' id='word_1_51' title='bbox 672 2567 844 2647; x_wconf 82' lang='lat' dir='ltr'>tanquam</span> <span class='ocrx_word' id='word_1_52' title='bbox 876 2550 1066 2626; x_wconf 85' lang='lat' dir='ltr'><strong>Canticum</strong></span> <span class='ocrx_word' id='word_1_53' title='bbox 1100 2577 1238 2628; x_wconf 88' lang='lat' dir='ltr'>novum</span> <span class='ocrx_word' id='word_1_54' title='bbox 1268 2580 1390 2629; x_wconf 90' lang='lat' dir='ltr'>coram</span> 
     </span>
     <span class='ocr_line' id='line_1_10' title="bbox 262 2663 1389 2764; baseline 0.002 -21"><span class='ocrx_word' id='word_1_55' title='bbox 262 2663 425 2753; x_wconf 83' lang='lat' dir='ltr'>Throno,</span> <span class='ocrx_word' id='word_1_56' title='bbox 446 2682 484 2742; x_wconf 92' lang='lat' dir='ltr'>et</span> <span class='ocrx_word' id='word_1_57' title='bbox 509 2691 630 2742; x_wconf 89' lang='lat' dir='ltr'>coram</span> <span class='ocrx_word' id='word_1_58' title='bbox 656 2681 811 2764; x_wconf 88' lang='lat' dir='ltr'>quatuor</span> <span class='ocrx_word' id='word_1_59' title='bbox 835 2666 1076 2752; x_wconf 82' lang='lat' dir='ltr'>Animalibus,</span> <span class='ocrx_word' id='word_1_60' title='bbox 1094 2684 1132 2743; x_wconf 88' lang='lat' dir='ltr'>et</span> <span class='ocrx_word' id='word_1_61' title='bbox 1157 2669 1389 2758; x_wconf 84' lang='lat' dir='ltr'>Senioribus;</span> 
     </span>
     <span class='ocr_line' id='line_1_11' title="bbox 266 2780 1389 2894; baseline 0.002 -37"><span class='ocrx_word' id='word_1_62' title='bbox 266 2798 303 2857; x_wconf 90' lang='lat' dir='ltr'>et</span> <span class='ocrx_word' id='word_1_63' title='bbox 324 2808 435 2857; x_wconf 89' lang='lat' dir='ltr'>nemo</span> <span class='ocrx_word' id='word_1_64' title='bbox 451 2781 568 2879; x_wconf 91' lang='lat' dir='ltr'>potuit</span> <span class='ocrx_word' id='word_1_65' title='bbox 588 2780 735 2894; x_wconf 72' lang='lat' dir='ltr'>discere⁸</span> <span class='ocrx_word' id='word_1_66' title='bbox 744 2780 945 2865; x_wconf 88' lang='lat' dir='ltr'>Canticum,</span> <span class='ocrx_word' id='word_1_67' title='bbox 963 2782 1030 2856; x_wconf 90' lang='lat' dir='ltr'>nisi</span> <span class='ocrx_word' id='word_1_68' title='bbox 1048 2808 1158 2879; x_wconf 90' lang='lat' dir='ltr'>quam</span> <span class='ocrx_word' id='word_1_69' title='bbox 1179 2782 1225 2857; x_wconf 93' lang='lat' dir='ltr'>illi</span> <span class='ocrx_word' id='word_1_70' title='bbox 1242 2800 1389 2859; x_wconf 91' lang='lat' dir='ltr'>centum</span> 
     </span>
     <span class='ocr_line' id='line_1_12' title="bbox 265 2895 1125 2997; baseline 0.001 -24"><span class='ocrx_word' id='word_1_71' title='bbox 265 2899 503 2997; x_wconf 79' lang='lat' dir='ltr'>quadraginta</span> <span class='ocrx_word' id='word_1_72' title='bbox 520 2913 675 2995; x_wconf 89' lang='lat' dir='ltr'>quatuor</span> <span class='ocrx_word' id='word_1_73' title='bbox 691 2895 808 2981; x_wconf 85' lang='lat' dir='ltr'>millia,</span> <span class='ocrx_word' id='word_1_74' title='bbox 826 2898 939 2994; x_wconf 87' lang='lat' dir='ltr'>empti</span> <span class='ocrx_word' id='word_1_75' title='bbox 956 2898 1004 2972; x_wconf 91' lang='lat' dir='ltr'>de</span> <span class='ocrx_word' id='word_1_76' title='bbox 1021 2913 1125 2973; x_wconf 85' lang='lat' dir='ltr'>terra.</span> 
     </span>
    </p>

    <p class='ocr_par' dir='ltr' id='par_1_6' title="bbox 263 3011 1489 3455">
     <span class='ocr_line' id='line_1_13' title="bbox 313 3011 1387 3113; baseline 0.002 -26"><span class='ocrx_word' id='word_1_77' title='bbox 313 3038 348 3107; x_wconf 77' lang='lat'>4</span> <span class='ocrx_word' id='word_1_78' title='bbox 384 3014 437 3087; x_wconf 91' lang='lat' dir='ltr'>Hi</span> <span class='ocrx_word' id='word_1_79' title='bbox 459 3028 545 3089; x_wconf 91' lang='lat' dir='ltr'>sunt</span> <span class='ocrx_word' id='word_1_80' title='bbox 567 3012 630 3110; x_wconf 92' lang='lat' dir='ltr'>qui</span> <span class='ocrx_word' id='word_1_81' title='bbox 656 3038 739 3087; x_wconf 91' lang='lat' dir='ltr'>cum</span> <span class='ocrx_word' id='word_1_82' title='bbox 763 3011 972 3087; x_wconf 89' lang='lat' dir='ltr'>mulieribus</span> <span class='ocrx_word' id='word_1_83' title='bbox 995 3039 1070 3087; x_wconf 89' lang='lat' dir='ltr'>non</span> <span class='ocrx_word' id='word_1_84' title='bbox 1093 3031 1179 3089; x_wconf 91' lang='lat' dir='ltr'>sunt</span> <span class='ocrx_word' id='word_1_85' title='bbox 1201 3015 1387 3113; x_wconf 88' lang='lat' dir='ltr'>inquinati,</span> 
     </span>
     <span class='ocr_line' id='line_1_14' title="bbox 263 3126 1385 3227; baseline 0.004 -26"><span class='ocrx_word' id='word_1_86' title='bbox 263 3128 422 3227; x_wconf 88' lang='lat' dir='ltr'>virgines</span> <span class='ocrx_word' id='word_1_87' title='bbox 439 3128 536 3203; x_wconf 89' lang='lat' dir='ltr'>enim</span> <span class='ocrx_word' id='word_1_88' title='bbox 554 3142 658 3211; x_wconf 87' lang='lat' dir='ltr'>sunt;</span> <span class='ocrx_word' id='word_1_89' title='bbox 685 3126 722 3199; x_wconf 93' lang='lat' dir='ltr'>hi</span> <span class='ocrx_word' id='word_1_90' title='bbox 739 3142 823 3201; x_wconf 86' lang='lat' dir='ltr'>sunt</span> <span class='ocrx_word' id='word_1_91' title='bbox 835 3127 899 3224; x_wconf 92' lang='lat' dir='ltr'>qui</span> <span class='ocrx_word' id='word_1_92' title='bbox 915 3144 1114 3224; x_wconf 85' lang='lat' dir='ltr'>sequentes</span> <span class='ocrx_word' id='word_1_93' title='bbox 1127 3130 1279 3227; x_wconf 86' lang='lat' dir='ltr'>Agnum</span> <span class='ocrx_word' id='word_1_94' title='bbox 1293 3155 1385 3227; x_wconf 90' lang='lat' dir='ltr'>quo·</span> 
     </span>
     <span class='ocr_line' id='line_1_15' title="bbox 264 3241 1489 3347; baseline 0.003 -31"><span class='ocrx_word' id='word_1_95' title='bbox 264 3266 407 3339; x_wconf 90' lang='lat' dir='ltr'>cunque</span> <span class='ocrx_word' id='word_1_96' title='bbox 431 3242 549 3316; x_wconf 90' lang='lat' dir='ltr'>vadit:</span> <span class='ocrx_word' id='word_1_97' title='bbox 585 3241 621 3315; x_wconf 95' lang='lat' dir='ltr'>hi</span> <span class='ocrx_word' id='word_1_98' title='bbox 647 3241 760 3337; x_wconf 87' lang='lat' dir='ltr'>empti</span> <span class='ocrx_word' id='word_1_99' title='bbox 785 3256 872 3314; x_wconf 86' lang='lat' dir='ltr'>sunt</span> <span class='ocrx_word' id='word_1_100' title='bbox 896 3241 943 3316; x_wconf 89' lang='lat' dir='ltr'>de</span> <span class='ocrx_word' id='word_1_101' title='bbox 970 3242 1187 3329; x_wconf 85' lang='lat' dir='ltr'>hominibus,</span> <span class='ocrx_word' id='word_1_102' title='bbox 1210 3245 1388 3340; x_wconf 86' lang='lat' dir='ltr'>primitiae</span> <span class='ocrx_word' id='word_1_103' title='bbox 1484 3334 1489 3347; x_wconf 92' lang='lat'>.</span> 
     </span>
     <span class='ocr_line' id='line_1_16' title="bbox 265 3356 547 3455; baseline -0.004 -24"><span class='ocrx_word' id='word_1_104' title='bbox 265 3356 351 3431; x_wconf 93' lang='lat' dir='ltr'>Deo</span> <span class='ocrx_word' id='word_1_105' title='bbox 368 3372 406 3431; x_wconf 90' lang='lat' dir='ltr'>et</span> <span class='ocrx_word' id='word_1_106' title='bbox 422 3356 547 3455; x_wconf 90' lang='lat' dir='ltr'>Agno.</span> 
     </span>
    </p>

    <p class='ocr_par' dir='ltr' id='par_1_7' title="bbox 262 3469 1386 3663">
     <span class='ocr_line' id='line_1_17' title="bbox 314 3469 1386 3558; baseline 0.006 -13"><span class='ocrx_word' id='word_1_107' title='bbox 314 3472 347 3545; x_wconf 85' lang='grc'>5.</span> <span class='ocrx_word' id='word_1_108' title='bbox 383 3470 431 3545; x_wconf 88' lang='lat' dir='ltr'>Et</span> <span class='ocrx_word' id='word_1_109' title='bbox 450 3471 487 3543; x_wconf 94' lang='lat' dir='ltr'>in</span> <span class='ocrx_word' id='word_1_110' title='bbox 509 3496 573 3544; x_wconf 90' lang='lat' dir='ltr'>ore</span> <span class='ocrx_word' id='word_1_111' title='bbox 594 3469 734 3543; x_wconf 91' lang='lat' dir='ltr'>illorum</span> <span class='ocrx_word' id='word_1_112' title='bbox 759 3494 833 3544; x_wconf 91' lang='lat' dir='ltr'>non</span> <span class='ocrx_word' id='word_1_113' title='bbox 854 3485 912 3543; x_wconf 90' lang='lat' dir='ltr'>est</span> <span class='ocrx_word' id='word_1_114' title='bbox 934 3470 1103 3545; x_wconf 88' lang='lat' dir='ltr'>inventus</span> <span class='ocrx_word' id='word_1_115' title='bbox 1123 3470 1239 3558; x_wconf 85' lang='lat' dir='ltr'>dolus,</span> <span class='ocrx_word' id='word_1_116' title='bbox 1259 3473 1386 3551; x_wconf 86' lang='lat' dir='ltr'>imma·</span> 
     </span>
     <span class='ocr_line' id='line_1_18' title="bbox 262 3584 987 3663; baseline 0.001 -4"><span class='ocrx_word' id='word_1_117' title='bbox 262 3584 365 3660; x_wconf 87' lang='lat' dir='ltr'>culati</span> <span class='ocrx_word' id='word_1_118' title='bbox 383 3586 481 3663; x_wconf 88' lang='lat' dir='ltr'>enim</span> <span class='ocrx_word' id='word_1_119' title='bbox 493 3600 578 3661; x_wconf 92' lang='lat' dir='ltr'>sunt</span> <span class='ocrx_word' id='word_1_120' title='bbox 594 3610 715 3661; x_wconf 89' lang='lat' dir='ltr'>coram</span> <span class='ocrx_word' id='word_1_121' title='bbox 733 3584 885 3659; x_wconf 88' lang='lat' dir='ltr'>Throno</span> <span class='ocrx_word' id='word_1_122' title='bbox 903 3585 987 3661; x_wconf 87' lang='lat' dir='ltr'>Dei.</span> 
     </span>
    </p>

    <p class='ocr_par' dir='ltr' id='par_1_8' title="bbox 261 3698 1388 4141">
     <span class='ocr_line' id='line_1_19' title="bbox 312 3698 1387 3799; baseline 0.005 -26"><span class='ocrx_word' id='word_1_123' title='bbox 312 3704 346 3773; x_wconf 87' lang='lat'>6.</span> <span class='ocrx_word' id='word_1_124' title='bbox 382 3698 431 3774; x_wconf 89' lang='lat' dir='ltr'>Et</span> <span class='ocrx_word' id='word_1_125' title='bbox 447 3699 519 3773; x_wconf 91' lang='lat' dir='ltr'>vidi</span> <span class='ocrx_word' id='word_1_126' title='bbox 539 3699 648 3775; x_wconf 92' lang='lat' dir='ltr'>alium</span> <span class='ocrx_word' id='word_1_127' title='bbox 669 3698 856 3799; x_wconf 83' lang='lat' dir='ltr'>Angelum</span> <span class='ocrx_word' id='word_1_128' title='bbox 874 3698 1057 3775; x_wconf 83' lang='lat' dir='ltr'>volantem</span> <span class='ocrx_word' id='word_1_129' title='bbox 1079 3701 1115 3775; x_wconf 91' lang='lat' dir='ltr'>in</span> <span class='ocrx_word' id='word_1_130' title='bbox 1136 3702 1258 3777; x_wconf 91' lang='lat' dir='ltr'>medio</span> <span class='ocrx_word' id='word_1_131' title='bbox 1275 3704 1387 3789; x_wconf 84' lang='lat' dir='ltr'>Caeli,</span> 
     </span>
     <span class='ocr_line' id='line_1_20' title="bbox 261 3814 1385 3927; baseline 0.004 -38"><span class='ocrx_word' id='word_1_132' title='bbox 261 3814 458 3889; x_wconf 87' lang='lat' dir='ltr'>habentem</span> <span class='ocrx_word' id='word_1_133' title='bbox 481 3814 721 3913; x_wconf 88' lang='lat' dir='ltr'>Evangelium</span> <span class='ocrx_word' id='word_1_134' title='bbox 743 3830 931 3887; x_wconf 90' lang='lat' dir='ltr'>aeternum</span> <span class='ocrx_word' id='word_1_135' title='bbox 952 3816 1201 3927; x_wconf 84' lang='lat' dir='ltr'>evangelizare</span> <span class='ocrx_word' id='word_1_136' title='bbox 1224 3817 1385 3893; x_wconf 86' lang='lat' dir='ltr'>habitan-</span> 
     </span>
     <span class='ocr_line' id='line_1_21' title="bbox 261 3928 1388 4031; baseline 0.005 -28"><span class='ocrx_word' id='word_1_137' title='bbox 261 3930 356 4003; x_wconf 90' lang='lat' dir='ltr'>tibus</span> <span class='ocrx_word' id='word_1_138' title='bbox 376 3954 488 4026; x_wconf 89' lang='lat' dir='ltr'>super</span> <span class='ocrx_word' id='word_1_139' title='bbox 507 3947 611 4013; x_wconf 90' lang='lat' dir='ltr'>terra,</span> <span class='ocrx_word' id='word_1_140' title='bbox 633 3945 671 4004; x_wconf 89' lang='lat' dir='ltr'>et</span> <span class='ocrx_word' id='word_1_141' title='bbox 691 3928 790 4004; x_wconf 90' lang='lat' dir='ltr'>omni</span> <span class='ocrx_word' id='word_1_142' title='bbox 814 3928 916 4027; x_wconf 90' lang='lat' dir='ltr'>genti</span> <span class='ocrx_word' id='word_1_143' title='bbox 940 3944 978 4003; x_wconf 88' lang='lat' dir='ltr'>et</span> <span class='ocrx_word' id='word_1_144' title='bbox 1000 3930 1107 4005; x_wconf 88' lang='lat' dir='ltr'>tribui</span> <span class='ocrx_word' id='word_1_145' title='bbox 1127 3947 1166 4005; x_wconf 90' lang='lat' dir='ltr'>et</span> <span class='ocrx_word' id='word_1_146' title='bbox 1185 3930 1329 4031; x_wconf 87' lang='lat' dir='ltr'>linguae</span> <span class='ocrx_word' id='word_1_147' title='bbox 1350 3950 1388 4009; x_wconf 91' lang='lat' dir='ltr'>et</span> 
     </span>
     <span class='ocr_line' id='line_1_22' title="bbox 261 4042 418 4141; baseline 0 -24"><span class='ocrx_word' id='word_1_148' title='bbox 261 4042 418 4141; x_wconf 91' lang='lat' dir='ltr'>populo;</span> 
     </span>
    </p>

    <p class='ocr_par' dir='ltr' id='par_1_9' title="bbox 260 4156 1387 4577">
     <span class='ocr_line' id='line_1_23' title="bbox 312 4156 1387 4258; baseline 0.005 -27"><span class='ocrx_word' id='word_1_149' title='bbox 312 4174 345 4247; x_wconf 91' lang='lat'>7.</span> <span class='ocrx_word' id='word_1_150' title='bbox 381 4157 576 4231; x_wconf 90' lang='lat' dir='ltr'>Dicentem</span> <span class='ocrx_word' id='word_1_151' title='bbox 589 4182 681 4233; x_wconf 88' lang='lat' dir='ltr'>voce</span> <span class='ocrx_word' id='word_1_152' title='bbox 695 4180 838 4255; x_wconf 85' lang='lat' dir='ltr'>magna,</span> <span class='ocrx_word' id='word_1_153' title='bbox 852 4156 998 4232; x_wconf 89' lang='lat' dir='ltr'>Timete</span> <span class='ocrx_word' id='word_1_154' title='bbox 1016 4157 1153 4242; x_wconf 88' lang='lat' dir='ltr'>Deum,</span> <span class='ocrx_word' id='word_1_155' title='bbox 1163 4175 1203 4234; x_wconf 89' lang='lat' dir='ltr'>et</span> <span class='ocrx_word' id='word_1_156' title='bbox 1214 4160 1298 4235; x_wconf 86' lang='lat' dir='ltr'>date</span> <span class='ocrx_word' id='word_1_157' title='bbox 1313 4162 1387 4258; x_wconf 90' lang='lat' dir='ltr'>Ipsi</span> 
     </span>
     <span class='ocr_line' id='line_1_24' title="bbox 260 4270 1387 4371; baseline 0.005 -26"><span class='ocrx_word' id='word_1_158' title='bbox 260 4270 422 4369; x_wconf 86' lang='lat' dir='ltr'>gloriam,</span> <span class='ocrx_word' id='word_1_159' title='bbox 440 4272 527 4369; x_wconf 86' lang='lat' dir='ltr'>quia</span> <span class='ocrx_word' id='word_1_160' title='bbox 537 4272 637 4345; x_wconf 91' lang='lat' dir='ltr'>venit</span> <span class='ocrx_word' id='word_1_161' title='bbox 653 4270 743 4345; x_wconf 89' lang='lat' dir='ltr'>hora</span> <span class='ocrx_word' id='word_1_162' title='bbox 754 4271 879 4369; x_wconf 90' lang='lat' dir='ltr'>judicii</span> <span class='ocrx_word' id='word_1_163' title='bbox 898 4272 1027 4369; x_wconf 88' lang='lat' dir='ltr'>lpsius,</span> <span class='ocrx_word' id='word_1_164' title='bbox 1038 4289 1077 4346; x_wconf 89' lang='lat' dir='ltr'>et</span> <span class='ocrx_word' id='word_1_165' title='bbox 1093 4273 1242 4349; x_wconf 89' lang='lat' dir='ltr'>adorate</span> <span class='ocrx_word' id='word_1_166' title='bbox 1261 4275 1387 4371; x_wconf 90' lang='lat' dir='ltr'>Ipsum</span> 
     </span>
     <span class='ocr_line' id='line_1_25' title="bbox 261 4386 1384 4487; baseline 0.004 -26"><span class='ocrx_word' id='word_1_167' title='bbox 261 4386 335 4482; x_wconf 87' lang='lat' dir='ltr'>Qui</span> <span class='ocrx_word' id='word_1_168' title='bbox 358 4387 441 4462; x_wconf 79' lang='lat' dir='ltr'>fecit</span> <span class='ocrx_word' id='word_1_169' title='bbox 461 4386 613 4463; x_wconf 86' lang='lat' dir='ltr'>Caelum</span> <span class='ocrx_word' id='word_1_170' title='bbox 637 4402 675 4461; x_wconf 91' lang='lat' dir='ltr'>et</span> <span class='ocrx_word' id='word_1_171' title='bbox 695 4387 847 4461; x_wconf 86' lang='lat' dir='ltr'>Terram</span> <span class='ocrx_word' id='word_1_172' title='bbox 869 4403 907 4461; x_wconf 88' lang='lat' dir='ltr'>et</span> <span class='ocrx_word' id='word_1_173' title='bbox 931 4388 1038 4462; x_wconf 88' lang='lat' dir='ltr'>Mare</span> <span class='ocrx_word' id='word_1_174' title='bbox 1056 4404 1098 4463; x_wconf 90' lang='lat' dir='ltr'>et</span> <span class='ocrx_word' id='word_1_175' title='bbox 1116 4390 1255 4466; x_wconf 86' lang='lat' dir='ltr'>Fontes</span> <span class='ocrx_word' id='word_1_176' title='bbox 1274 4414 1384 4487; x_wconf 89' lang='lat' dir='ltr'>aqua·</span> 
     </span>
     <span class='ocr_line' id='line_1_26' title="bbox 261 4527 352 4577; baseline 0 0"><span class='ocrx_word' id='word_1_177' title='bbox 261 4527 352 4577; x_wconf 88' lang='lat' dir='ltr'>rum.</span> 
     </span>
    </p>
   </div>
   <div class='ocr_carea' id='block_1_3' title="bbox 313 4616 1385 4717">
    <p class='ocr_par' dir='ltr' id='par_1_10' title="bbox 313 4616 1385 4717">
     <span class='ocr_line' id='line_1_27' title="bbox 313 4616 1385 4717; baseline 0.001 -25"><span class='ocrx_word' id='word_1_178' title='bbox 313 4620 346 4693; x_wconf 91' lang='lat'>8.</span> <span class='ocrx_word' id='word_1_179' title='bbox 381 4618 429 4692; x_wconf 91' lang='lat' dir='ltr'>Et</span> <span class='ocrx_word' id='word_1_180' title='bbox 441 4618 529 4693; x_wconf 83' lang='lat' dir='ltr'>alius</span> <span class='ocrx_word' id='word_1_181' title='bbox 539 4616 706 4717; x_wconf 86' lang='lat' dir='ltr'>Angelus</span> <span class='ocrx_word' id='word_1_182' title='bbox 719 4633 864 4692; x_wconf 90' lang='lat' dir='ltr'>secutus</span> <span class='ocrx_word' id='word_1_183' title='bbox 874 4634 940 4703; x_wconf 87' lang='lat' dir='ltr'>est,</span> <span class='ocrx_word' id='word_1_184' title='bbox 952 4618 1086 4704; x_wconf 88' lang='lat' dir='ltr'>dicens,</span> <span class='ocrx_word' id='word_1_185' title='bbox 1098 4618 1247 4705; x_wconf 90' lang='lat' dir='ltr'>Cecidit,</span> <span class='ocrx_word' id='word_1_186' title='bbox 1258 4620 1385 4695; x_wconf 90' lang='lat' dir='ltr'>cecidit</span> 
     </span>
    </p>
   </div>
   <div class='ocr_carea' id='block_1_4' title="bbox 0 0 1696 5400">
    <p class='ocr_par' dir='ltr' id='par_1_11' title="bbox 0 0 1696 5400">
     <span class='ocr_line' id='line_1_28' title="bbox 0 0 1696 5400; baseline 0 3"><span class='ocrx_word' id='word_1_187' title='bbox 0 0 1696 5400; x_wconf 95' lang='lat' dir='ltr'> </span> 
     </span>
    </p>
   </div>
  </div>
 </body>
</html>
