3384 5400
517 704 597 756 cnr.
615 705 703 767 x1x.‚
721 706 823 756 vens.
840 693 949 756 8.—rr.
967 694 1037 774 814.
1275 708 1333 779 721

264 876 284 900 u
353 874 361 889 ·
680 876 686 889 ·
844 878 849 888 ·
1083 878 1089 892 ·

291 872 1336 1009 lffllxlttfltaaultltfl‘lltgtttalbiltuttyltl

344 1007 551 1056 descendentem
564 1023 579 1057 e
592 1006 675 1057 Caelo
686 1022 703 1057 a
716 1008 774 1057 Deo
782 1008 795 1027 '¹
807 1009 887 1070 (vers.
900 1023 924 1071 9.
939 1008 986 1071 10).

213 1146 277 1211 Per
298 1149 389 1231 quod
418 1148 547 1213 “Uxor
575 1146 770 1232 paraveritffl
794 1150 854 1213 se”
881 1148 1089 1231 significatur
1112 1152 1202 1235 quod
1231 1154 1287 1237 qui
1316 1174 1335 1219 e

213 1241 314 1305 Nova
331 1242 389 1306 illa
407 1242 563 1307 Ecclesia
582 1244 719 1309 Domini
737 1255 846 1318 erunt,
864 1244 1078 1327 colligantur,
1094 1245 1335 1329 inaugurentur

211 1345 247 1399 et
267 1338 494 1415 instruantur;
516 1350 553 1402 et
568 1340 645 1422 quia
662 1339 746 1401 haec
763 1358 822 1421 per
839 1340 999 1422 “paravit
1016 1338 1077 1403 se’'
1092 1340 1333 1421 significantur,

211 1430 290 1493 ideo
312 1433 462 1514 sequitur
481 1434 571 1516 quod
594 1432 694 1497 Uxor
715 1432 773 1495 illa
793 1435 1024 1496 “amiceretur
1046 1434 1184 1515 byssino
1206 1438 1333 1500 mundo

211 1535 247 1587 et
263 1524 470 1606 splendido?
482 1526 647 1609 perquod
662 1525 870 1609 significatur
885 1528 1098 1609 inauguratio
1114 1548 1174 1611 per
1188 1529 1333 1594 instruc·

212 1619 342 1682 tionem
354 1639 362 1697 ;
386 1630 421 1683 et
438 1621 514 1685 ideo
526 1641 658 1704 quoque
671 1623 820 1703 sequitur
831 1622 874 1684 de
889 1621 1016 1704 “Equo
1029 1622 1151 1697 Albo‚'¹
1164 1643 1224 1705 per
1235 1644 1335 1707 quem

211 1712 423 1795 significatur
438 1712 632 1779 intellectus
651 1714 756 1779 Verbi
775 1736 794 1778 a
813 1715 962 1780 Domino
980 1736 1041 1798 pro
1059 1715 1133 1779 illis.

272 1810 371 1894 814.
396 1824 481 1891 [Vera
494 1809 737 1891 t.]=*⁸ftllutum
757 1811 857 1874 itti—ur
875 1811 1065 1875 amicaretur
1084 1812 1206 1895 hyeriae
1226 1815 1335 1877 munde

212 1905 249 1963 oi
258 1900 449 1979 eplordidul'
460 1900 628 1981 significat
640 1901 730 1983 quod
740 1901 798 1963 illi
810 1902 871 1983 qui
884 1922 901 1963 e
914 1900 1014 1965 Nova
1027 1900 1179 1967 Ecclesia
1192 1902 1335 1967 Domini

210 1992 597 2067 murmurmurmur
618 1993 708 2055 ueris
722 1994 876 2074 germis
893 2002 925 2057 et
942 1993 1042 2074 puris
1060 2003 1125 2075 per
1150 1994 1290 2059 Verbum
1312 2018 1335 2061 a

209 2086 468 2150 Domino-Per
496 2088 643 2150 “datum
670 2087 719 2150 illi
729 2088 743 2111 ”
770 2088 970 2169 intelligitur
997 2087 1118 2162 Uxori,
1146 2110 1206 2170 per
1232 2110 1332 2173 quam

211 2182 420 2263 significatur
444 2182 542 2244 Nova
564 2181 720 2245 Ecclesia
743 2181 890 2256 Domini,
910 2193 1064 2265 quaeest
1089 2182 1187 2247 Nova
1209 2182 1331 2247 Hiero·

211 2277 355 2357 solyma,
374 2287 411 2340 ut
434 2295 516 2339 mox
539 2296 638 2358 supra
663 2275 709 2359 (n.
730 2276 828 2358 812);
852 2296 912 2359 per
931 2276 1107 2340 “amiciri'’
1125 2275 1333 2358 significatur

211 2372 330 2434 instrui
356 2372 391 2433 in
414 2372 511 2445 veris,
540 2372 617 2453 quia
643 2390 703 2453 per
730 2377 871 2435 “vestes
880 2370 895 2395 ”
921 2369 1151 2452 significantur
1177 2390 1257 2434 vera
1284 2368 1332 2453 (n.

215 2465 302 2547 166),
329 2476 364 2529 et
391 2472 451 2547 pe'r
477 2472 619 2529 “vestes
645 2465 762 2529 albas''
789 2466 936 2547 genuina
961 2486 1041 2529 vera
1069 2463 1116 2547 (n.
1140 2463 1239 2547 212);
1273 2486 1333 2548 per

212 2560 414 2641 “byssinum
434 2560 595 2623 mundum
614 2570 649 2623 et
672 2560 886 2642 splendidum
895 2560 910 2584 ”
929 2558 1266 2641 significaturnitens
1286 2580 1331 2625 ex

210 2654 309 2718 bono⁴
321 2663 358 2718 et
375 2674 492 2737 purum
512 2675 556 2718 ex
574 2655 682 2733 veris3
705 2665 740 2718 et
760 2655 923 2738 quianon
942 2655 1077 2718 aliunde
1096 2654 1195 2719 datur
1213 2675 1331 2739 purum

209 2768 327 2812 verum
343 2767 444 2832 quam
460 2769 518 2830 per
534 2749 685 2812 Verbum
701 2770 745 2812 ex
764 2749 923 2822 Domino,
936 2749 1012 2814 ideo
1028 2751 1130 2813 etiam
1147 2750 1211 2814 hoc
1227 2751 1331 2832 signi·

210 2840 342 2907 licatur.
380 2843 574 2906 “Mundum
587 2854 622 2907 et
635 2844 849 2926 splendidum
857 2844 872 2869 ''
884 2845 1016 2918 dicitur,
1027 2846 1104 2927 quia
1117 2845 1307 2908 “mundum
1318 2845 1332 2869 ''

210 2937 380 3020 significat
402 2938 436 3000 id
459 2939 549 3020 quod
575 2940 724 3002 immune
746 2949 799 3001 est
823 2959 842 3001 a
865 2937 966 3013 malo,
989 2940 1038 3001 ita
1060 2938 1149 3020 quod
1177 2940 1263 3003 nitet
1286 2959 1331 3004 ex

210 3033 313 3108 bono,
338 3044 373 3096 et
400 3033 641 3114 “splendidum
651 3033 665 3057 ”
687 3032 857 3114 significat
883 3033 917 3096 id
943 3033 1033 3116 quod
1060 3033 1207 3097 immune
1234 3043 1286 3098 est
1312 3055 1332 3096 a

209 3127 306 3201 falso,
326 3129 374 3191 ita
396 3146 514 3209 purum
536 3147 581 3190 ex
603 3147 693 3190 vero.
738 3127 800 3190 Per
820 3129 987 3209 “byssum
995 3127 1010 3152 ’'
1028 3147 1087 3191 seu
1107 3128 1309 3209 “byssinum
1318 3128 1332 3152 ”

210 3220 420 3303 significatur
437 3222 621 3302 genuinum
640 3221 902 3294 Verum-etiam
921 3222 954 3284 in
973 3221 1188 3304 sequentibus
1208 3221 1309 3286 locis:

261 3369 462 3434 Hierosolyma,
477 3370 598 3419 “vestivi
610 3380 636 3418 te
647 3367 778 3432 acupicto,
790 3369 892 3419 accinxi
905 3379 930 3419 te
945 3369 1040 3433 Bysso,
1052 3379 1078 3419 et
1090 3371 1179 3419 obtexi
1190 3379 1217 3420 te
1229 3371 1332 3430 seric0;

342 3437 381 3485 sic
392 3445 487 3484 ornata
498 3449 564 3484 auro
573 3447 600 3485 et
611 3447 731 3498 argento.
743 3447 771 3485 et
779 3437 862 3484 vestis
872 3443 917 3484 tua
931 3435 1034 3498 Byssus
1045 3445 1072 3485 et
1081 3436 1195 3485 sericum
1204 3435 1219 3458 ''
1228 3435 1329 3498 (Erech.

342 3502 397 3552 xri.
410 3514 450 3560 10,
464 3500 519 3562 13);

262 3570 281 3590 ¹⁸
289 3567 392 3632 Byssus
405 3567 432 3616 in
443 3563 597 3629 acupiciura
608 3581 641 3615 ex
653 3565 787 3630 Aegypto.
801 3566 852 3615 luit
864 3566 993 3629 expansio
1005 3575 1050 3615 tua
1058 3563 1072 3585 ”
1083 3564 1187 3629 (Erech.
1198 3567 1279 3616 xxvii.
1292 3565 1332 3630 7);

211 3711 295 3775 haec
314 3709 476 3802 delym,
493 3729 668 3792 perquam
687 3709 895 3791 significatur
913 3708 1067 3773 Ecclesia
1083 3708 1193 3793 quoad
1212 3711 1333 3792 cogni·

211 3808 323 3893 tiones
341 3806 411 3868 veri
429 3814 464 3868 et
483 3805 571 3867 boni.

264 3957 281 3978 “
290 3953 428 4004 Exercitus
437 3953 464 4002 in
475 3951 558 4002 Caelo
567 3955 747 4017 sequebantur
757 3952 849 4016 Ipsum
859 3966 939 4018 super
948 3953 1023 4018 equIs
1032 3952 1108 4012 albis,
1118 3951 1203 4002 induti
1214 3951 1331 4018 Byssino

342 4019 404 4068 albo
416 4029 443 4068 et
455 4019 556 4067 mundo
565 4017 579 4038 ''
591 4016 678 4083 (Apoc.
689 4019 743 4067 xix.
757 4016 831 4081 14³¹).

212 4115 315 4199 Quod

329 4226 431 4293 Joseph
444 4225 557 4276 vestitus
568 4226 603 4275 slt
615 4225 734 4275 vestibus
748 4224 828 4288 Byssi
839 4240 856 4275 a
869 4223 1009 4276 Pharaone
1021 4223 1094 4288 (Gru.
1105 4224 1149 4275 xli.
1161 4223 1212 4288 42).
1317 4247 1318 4252 ¹

212 4371 319 4437 simile
338 4369 516 4453 significat.
559 4369 688 4433 Verum
705 4390 750 4433 ex
766 4368 884 4433 Verbo
898 4369 987 4452 apud
1005 4369 1092 4446 illos,
1109 4369 1245 4434 tametsi
1261 4387 1328 4432 non

212 4470 246 4532 in
264 4467 339 4544 illis,
359 4464 567 4548 significatur
585 4484 644 4547 per

397 4611 544 4677 Byssinum
555 4613 626 4676 apud
639 4611 806 4675 Babylonem
818 4610 905 4677 (Aper.
916 4611 990 4664 xviii.
1004 4623 1041 4671 ta,
1055 4610 1111 4675 16);

393 4679 426 4731 Et
437 4679 509 4743 apud
522 4675 638 4728 Divitem
651 4677 724 4741 (Luc.
735 4678 788 4728 xvi.
802 4676 851 4740 19).
