3384 5400
359 668 421 749 596
680 675 926 732 APOCALYPSIS
948 679 1158 732 navt-:Lata

354 870 454 914 sensu
472 869 622 914 amorem
638 849 844 926 infernalem,
864 872 964 934 supra
982 849 1031 935 (n.
1047 852 1138 936 494).
1183 845 1284 935 Quod
1306 876 1402 921 amor
1424 859 1473 922 sui

353 945 396 1007 sit
413 963 508 1008 amor
522 943 702 1020 infernalis,
718 955 754 1010 et
769 945 860 1028 quod
875 943 1057 1026 jucundum
1075 947 1146 1029 ejus
1163 949 1208 1012 sit
1223 947 1407 1030 jucundum
1421 953 1472 1015 in·

352 1038 490 1113 lernale,
506 1048 543 1102 et
560 1039 651 1121 quod
666 1038 850 1120 jucundum
864 1038 952 1102 illius
969 1042 1094 1105 amoris
1108 1043 1237 1107 existat
1253 1053 1290 1107 et
1305 1047 1471 1110 consistat

351 1153 397 1196 ex
426 1133 609 1197 innumeris
638 1134 920 1215 concupiscentiis
949 1133 1124 1210 malorum,
1148 1136 1263 1199 multis
1295 1148 1471 1204 ostensum

352 1235 405 1290 est
435 1227 468 1290 in
499 1225 674 1307 Sapientia
694 1226 857 1308 Angelica
881 1229 923 1291 de
942 1227 1070 1292 De'vina
1090 1227 1320 1306 Pram'dentra,
1343 1243 1416 1296 tum
1438 1235 1473 1298 in

351 1320 526 1402 Sapientia
543 1319 706 1402 Angelica
728 1322 769 1385 de
788 1321 913 1384 Dabina
929 1322 1055 1386 Amare
1074 1332 1107 1385 et
1127 1322 1255 1386 Divina
1274 1323 1472 1407 Sapientia:

351 1415 441 1498 quod
457 1415 505 1478 ita
520 1414 574 1490 sit,
592 1417 739 1480 nescitur
757 1417 790 1480 in
809 1415 902 1480 Orbe
917 1415 1120 1492 Christiano,
1136 1419 1214 1499 quia
1229 1420 1377 1484 nescitur
1391 1421 1471 1504 quid

350 1529 446 1574 amor
464 1510 496 1573 in
517 1509 711 1585 Dominum,
730 1519 766 1576 et
784 1511 838 1574 hic
857 1530 951 1574 amor
969 1511 1107 1576 docebit
1125 1513 1204 1593 quid
1223 1533 1319 1577 amor
1337 1517 1396 1579 sui.

410 1613 511 1692 ⁶9²·
536 1624 673 1692 [Versu]
698 1611 764 1674 ‘te
782 1617 1005 1675 caueamur
1021 1611 1157 1678 ianime
1177 1620 1270 1678 aestu
1288 1636 1411 1699 nepae,
1439 1623 1475 1682 et

349 1704 598 1784 &orphanorum
610 1701 721 1765 lamen
735 1701 936 1766 adludentia
946 1707 1132 1785 marum
1145 1723 1240 1786 rupae·
1249 1705 1363 1788 pisper
1375 1706 1471 1780 iea,''

349 1793 515 1877 significat
537 1795 627 1877 quad
640 1804 780 1875 propter
789 1794 974 1876 sanandum
993 1794 1119 1859 amaris
1148 1796 1205 1860 sui
1226 1797 1403 1868 oriundum
1426 1821 1467 1862 ex

344 1889 509 1970 grauibus
520 1887 784 1969 concupiscentits
796 1887 959 1952 malarum
970 1908 1033 1950 aon
1045 1889 1242 1970 agnoverint
1248 1890 1470 1955 Divinitatem

347 1983 501 2047 Humani
519 1981 666 2057 Domini,
689 2003 711 2046 a
735 1981 804 2060 Qua
825 1992 935 2046 tamen
957 1981 1067 2066 instuit
1091 1983 1322 2048 omnebonum
1343 1987 1469 2050 amare's

347 2088 380 2142 et
392 2099 506 2141 verum
512 2076 712 2160 fidei-Per
729 2082 748 2110 ‘⁶
757 2087 889 2140 aestum
897 2076 912 2100 '¹
926 2076 1160 2158 significantur
1174 2080 1468 2161 concupiscentiae

348 2171 523 2247 malorum,
543 2181 725 2255 quaesunt
749 2172 781 2234 in
805 2191 921 2234 amore
939 2173 988 2233 sui
1011 2181 1047 2235 et
1070 2170 1140 2252 ejus
1159 2171 1307 2253 jucundo
1327 2172 1375 2256 (n.
1395 2176 1466 2254 382,

346 2267 447 2350 691);
484 2267 563 2330 inde
593 2287 652 2348 per
682 2271 865 2330 “aestuare
893 2275 992 2328 aestu
1021 2265 1172 2348 magno'’
1197 2266 1404 2356 significatur
1432 2270 1466 2331 in

347 2362 505 2444 gravibus
529 2361 808 2442 concupiscentiis
840 2379 926 2431 esse,
951 2369 986 2422 et
1009 2360 1057 2424 sic
1086 2360 1120 2422 in
1146 2359 1296 2441 jucundo
1324 2364 1466 2426 amoris:

347 2477 407 2540 per
423 2455 685 2537 “blasphemare
702 2453 836 2516 Nomen
856 2452 943 2516 Der’
959 2451 1166 2534 significatur
1180 2473 1305 2537 negare
1321 2465 1380 2519 aut
1397 2476 1465 2521 non

347 2569 534 2632 agnoscere
558 2548 780 2611 Divinitatem
810 2545 960 2610 Humani
983 2547 1131 2621 Domini,
1155 2567 1217 2611 nec
1248 2546 1466 2614 sanititatem

348 2644 452 2709 Verbi
485 2641 531 2725 (n.
558 2655 628 2724 571,
654 2639 751 2723 582);
777 2640 1066 2723 “blasphemare'’
1096 2651 1149 2707 est
1173 2661 1298 2725 negare
1320 2654 1378 2708 aut
1398 2664 1466 2709 non

347 2756 544 2821 agnoscere,
564 2758 603 2801 ac
625 2736 788 2799 “Nomen
808 2736 874 2799 Dei
888 2734 903 2760 '⁹
918 2746 972 2799 est
996 2736 1154 2799 Divinum
1175 2736 1370 2802 Humanum
1394 2739 1465 2803 Do·

347 2834 428 2897 mini
450 2843 485 2896 et
508 2831 606 2896 simul
626 2829 844 2912 Verbum·(n.
871 2827 967 2912 584):
999 2850 1059 2912 per
1083 2831 1234 2894 “habere
1257 2842 1466 2913 potestatem

346 2947 447 3009 super
468 2925 589 3009 plagas
597 2925 611 2949 ’'
633 2922 840 3006 significatur
863 2924 955 3007 quod
977 2926 1021 2987 ab
1043 2923 1123 3006 Ipso
1141 2924 1257 2990 influat
1280 2946 1381 2989 omne
1404 2928 1465 2991 bo·

346 3042 426 3085 num
445 3023 569 3085 amoris
588 3030 623 3083 et
646 3038 761 3082 verum
785 3016 873 3093 fidei,
893 3038 952 3101 per
975 3039 1060 3101 quae
1078 3030 1295 3083 removentur
1318 3020 1407 3083 mala
1428 3032 1464 3087 et

346 3114 431 3179 salsa
454 3114 501 3197 (n.
523 3113 597 3195 673,
620 3110 813 3195 68091690).
858 3112 906 3177 Et
932 3114 1010 3195 quia
1031 3121 1163 3195 septem
1186 3112 1313 3195 Angeli
1336 3114 1464 3179 haben·

346 3221 400 3274 tes
415 3220 547 3292 septem
571 3209 689 3291 plagas
708 3208 888 3271 exiverunt
911 3226 930 3271 e
949 3205 1095 3288 Templo
1112 3206 1336 3271 Tabernaculi
1354 3208 1466 3274 Testi-

347 3306 450 3367 monii
482 3303 598 3385 (Apoc.
629 3323 686 3365 xv.
720 3316 747 3382 5,
770 3300 819 3383 6),
847 3310 883 3365 et
913 3320 972 3382 per
1002 3299 1209 3382 “Templum
1241 3301 1466 3367 Tabernaculi

346 3396 570 3461 Testimonii’'
600 3394 808 3477 significatur
837 3395 993 3459 intimum
1020 3393 1125 3469 Caeli,
1149 3395 1204 3457 ubi
1237 3396 1402 3459 Dominus
1431 3400 1465 3461 in

346 3488 414 3557 Sua
436 3487 627 3555 Sand‘titate
648 3491 682 3553 in
705 3488 822 3553 Verbo
844 3499 879 3551 et
902 3490 936 3550 in
959 3487 1054 3569 Lege
1076 3509 1162 3572 quae
1182 3488 1388 3571 Decalogus,
1410 3502 1465 3555 est

346 3585 394 3668 (n.
419 3584 509 3667 669),
537 3594 572 3649 et
599 3586 677 3649 inde
703 3582 810 3649 factus
836 3595 890 3648 est
916 3584 1072 3658 influxus,
1097 3585 1153 3667 qui
1180 3604 1238 3666 per
1266 3584 1465 3651 “effundere

344 3680 464 3765 plagas
473 3679 489 3704 ”
512 3678 720 3761 significatur
748 3678 794 3762 (n.
818 3676 936 3761 6761¹¹),
960 3688 1097 3743 constat
1124 3679 1215 3761 quod
1241 3698 1300 3761 per
1324 3680 1464 3745 “Deum

343 3782 528 3847 habentem
549 3789 758 3862 potestatem
780 3798 880 3859 super
902 3776 1050 3859 plagas,”
1068 3775 1278 3857 intelligatur
1296 3776 1462 3840 Dominus

344 3896 364 3939 a
392 3874 479 3957 Quo.
524 3874 641 3937 Paucis
671 3873 800 3937 dicetur
826 3871 935 3954 qualis
960 3869 1070 3933 Amor
1097 3871 1147 3933 sui
1172 3880 1244 3933 est:
1279 3870 1461 3951 jucundum

344 3970 414 4052 ejus
436 3968 575 4034 excedit
598 3986 699 4031 omne
717 3966 900 4049 jucundum
929 3966 963 4028 in
989 3964 1125 4038 mundo,
1149 3975 1202 4027 est
1224 3966 1313 4027 enim
1336 3964 1463 4027 confla·

344 4076 417 4129 tum
436 4084 480 4127 ex
500 4064 600 4126 meris
616 4060 897 4142 concupiscentiis
913 4059 1089 4133 malorum,
1104 4069 1140 4122 et
1159 4059 1363 4141 unaquaevis
1377 4078 1462 4122 con·

344 4158 552 4240 cupiscentia
568 4155 719 4237 exspirat
735 4174 831 4217 suum
846 4152 1041 4234 jucundum.
1084 4150 1205 4215 Omnis
1222 4152 1326 4214 homo
1344 4153 1377 4215 in
1395 4152 1461 4216 hoc

340 4252 522 4333 jucundum
541 4250 709 4326 nascitur;
742 4258 777 4311 et
800 4249 877 4329 quia
899 4248 932 4310 id
955 4246 1062 4328 adigit
1081 4254 1232 4309 mentem
1251 4245 1396 4311 hominis
1414 4246 1459 4309 ad

341 4346 466 4427 jugiter
480 4344 701 4426 cogitandum
717 4342 761 4407 de
778 4362 824 4416 se,
841 4341 990 4405 detrahit
1009 4340 1100 4404 illam
1118 4339 1162 4402 ad
1180 4340 1400 4419 cogitandum
1416 4340 1460 4402 de

344 4440 420 4503 Deo
431 4450 466 4505 et
479 4441 523 4503 de
535 4439 692 4521 proximo
705 4438 766 4501 nisi
778 4458 798 4499 a
810 4456 858 4509 se,
870 4445 906 4499 et
919 4435 963 4498 de
973 4455 1010 4497 se
1021 4456 1030 4511 ;
1052 4454 1154 4515 quare
1166 4434 1229 4495 nisi
1245 4433 1338 4496 Deus
1348 4433 1460 4496 faveat

343 4532 624 4616 concupiscentiis
653 4530 732 4613 ejus,
757 4531 909 4594 irascitur
939 4528 1025 4605 Deo,
1047 4529 1134 4591 sicut
1161 4528 1314 4589 irascitur
1343 4528 1458 4609 proxi·

343 4647 401 4693 mo
422 4628 477 4711 qui
500 4646 567 4691 non
589 4626 691 4691 favet.
733 4624 923 4707 Jucundum
949 4621 1031 4687 illud
1057 4641 1134 4687 cum
1161 4622 1292 4697 crescit,
1316 4620 1395 4685 iacit
1421 4629 1459 4684 ut
