3384 5400
493 723 573 773 cae.
590 724 693 787 xxn,
711 724 813 776 vaus.
834 727 961 776 10.-N.
978 729 1048 795 947.
1268 718 1328 799 855

210 980 271 1044 liae
301 980 408 1062 [libri]
439 981 538 1064 nujus,
567 983 639 1065 quia
666 988 785 1065 tompus
809 1004 905 1067 ρτορο
933 986 1019 1057 erist
1047 986 1215 1067 significat
1243 988 1334 1070 quod

207 1073 429 1156 Apocalypsis
447 1094 511 1136 non
527 1075 656 1139 occlusa
672 1077 747 1153 erit,
766 1080 829 1141 sed
843 1078 1033 1159 aperienda,
1050 1089 1082 1141 et
1099 1078 1190 1162 quod
1202 1080 1261 1141 loc
1275 1101 1331 1143 nc·

207 1188 332 1231 cessum
348 1168 396 1231 sit
416 1167 452 1232 in
459 1168 533 1251 fine
549 1169 724 1246 Ecclesiae,
744 1183 781 1236 ut
798 1172 909 1254 aliqui
923 1172 1213 1237 salventur.—Per
1233 1180 1330 1238 “non

207 1264 365 1344 obsignes
382 1263 486 1326 verba
504 1265 703 1346 prophetiae
723 1267 819 1348 hujus
829 1267 843 1292 ’⁸
863 1266 1070 1348 significatur
1088 1268 1178 1350 quod
1196 1268 1228 1330 A
1229 1278 1330 1349 poca·

206 1356 313 1437 lypsis
339 1378 408 1421 non
433 1357 570 1422 occlusa
596 1362 661 1423 erit
687 1362 748 1423 sed
775 1362 969 1445 aperienda,
994 1361 1036 1425 de
1063 1383 1130 1444 quo
1157 1365 1327 1445 sequitur:

206 1472 265 1533 per
291 1453 398 1534 “quia
423 1463 558 1534 tempus
584 1474 690 1536 prope
715 1457 799 1531 est‚”
822 1456 1031 1539 significatur
1059 1457 1148 1539 quod
1176 1458 1241 1521 hoc
1269 1479 1328 1522 ne·

206 1566 337 1609 cessum
360 1548 404 1610 sit
427 1556 464 1611 ut
486 1548 588 1630 aliqui
611 1550 806 1630 salventur;
836 1572 895 1634 per
915 1552 1102 1633 “tempus”
1121 1551 1329 1633 significatur

205 1650 315 1706 status
336 1640 383 1723 (n.
402 1642 476 1723 476,
496 1642 583 1725 562),
603 1643 657 1707 hic
680 1655 791 1709 status
811 1646 988 1710 Ecclesiae
1008 1647 1098 1729 quod
1122 1648 1200 1710 talis
1224 1648 1267 1711 sit
1290 1658 1328 1711 ut

206 1754 381 1799 necessum
400 1738 464 1814 sit;
488 1758 548 1819 per
564 1743 698 1821 “prope
707 1739 722 1764 ”
738 1740 949 1821 significatur
967 1760 1156 1816 necessum,
1173 1743 1250 1823 quia
1269 1763 1329 1825 ρετ

206 1831 363 1913 “prope”
381 1850 449 1895 non
472 1831 676 1914 intelligitur
694 1855 799 1917 prope
822 1856 881 1898 seu
904 1836 1126 1917 propinquum
1151 1838 1325 1918 temporis,

205 1926 263 1987 sed
283 1928 506 2009 propinquum
525 1937 647 2004 status,
667 1938 702 1992 et
722 1929 945 2011 propinquum
965 1940 1074 1993 status
1093 1940 1146 1994 est
1166 1950 1324 1995 necesse:

206 2021 294 2101 quod
322 2042 391 2085 non
418 2022 640 2103 propinquum
666 2025 829 2105 temporis
856 2024 1076 2105 intelligatur,
1101 2034 1219 2107 patet;
1250 2028 1328 2109 quia

203 2114 425 2196 Apocalypsis
443 2117 570 2197 scripta
587 2126 640 2180 est
659 2119 823 2200 principio
841 2118 967 2181 saeculi
988 2120 1083 2200 primi
1098 2141 1109 2197 ;'
1129 2130 1164 2183 et
1184 2119 1326 2184 Adven-

203 2219 257 2271 tus
280 2210 418 2273 Domini
440 2211 575 2292 quando
593 2211 762 2275 Ultimum
785 2212 961 2293 Judicium‚
982 2224 1017 2275 et
1041 2214 1140 2277 Nova
1158 2214 1324 2289 Ecclesia,

203 2324 287 2385 quae
313 2304 367 2367 hic
391 2325 451 2387 per
477 2311 640 2388 “tempus
667 2326 773 2389 prope
798 2306 882 2383 est,’'
903 2317 939 2369 et
967 2328 1100 2390 quoque
1128 2328 1187 2391 per
1211 2314 1325 2391 “quae

201 2409 339 2481 oportet
361 2398 431 2463 fieri
455 2399 547 2465 cito”
572 2400 663 2481 (vers
688 2399 737 2484 6),
761 2411 797 2466 et
821 2422 880 2483 per
901 2404 1029 2466 “venio
1052 2403 1146 2466 cito”
1169 2402 1269 2486 (vers.
1293 2420 1323 2485 7,

202 2492 269 2576 20),
288 2494 535 2576 intelliguntur,
555 2514 643 2558 nunc
667 2506 746 2577 post
765 2496 998 2578 septendecim
1018 2497 1152 2561 saecula
1170 2500 1324 2580 apparuit

201 2599 236 2652 et
258 2589 405 2653 exstitit.
450 2588 581 2652 Eadem
605 2591 689 2653 haec
713 2591 815 2654 etiam
835 2590 991 2654 dicuntur
1013 2593 1047 2655 in
1071 2594 1182 2674 capite
1204 2594 1323 2675 primo,

201 2683 291 2766 quod
313 2681 371 2747 illa
391 2690 577 2766 “oporteat
601 2683 670 2748 fieri
693 2684 785 2748 cit0”
806 2684 907 2768 (vers.
932 2684 974 2768 τ),
994 2696 1029 2750 et
1049 2688 1138 2770 quod
1160 2692 1323 2771 “tempus

201 2797 306 2861 prope
328 2780 372 2842 sit
380 2777 396 2802 ”
415 2778 516 2859 (vers.
537 2778 570 2861 3)
583 2781 659 2856 ;·de
677 2780 797 2862 quibus
815 2781 969 2844 videatur
988 2803 1087 2865 supra
1107 2781 1154 2864 (n.
1172 2801 1195 2863 4
1211 2793 1246 2847 et
1265 2782 1323 2866 9);

201 2893 260 2954 per
274 2893 361 2955 quae
372 2873 493 2936 similia
505 2873 750 2955 intelliguntur.
796 2873 897 2956 Quod
912 2895 980 2938 non
993 2876 1204 2959 intelligatur
1217 2898 1323 2960 prope

200 2987 260 3030 seu
277 2969 501 3050 propinquum
519 2970 694 3050 temporis,
714 2969 775 3032 sed
793 2970 1016 3052 propinquum
1036 2980 1158 3046 status,
1176 2971 1323 3036 illustra·

200 3061 307 3124 bitur:
338 3059 489 3126 Verbum
512 3063 546 3125 in
565 3061 674 3126 Sensu
692 3083 773 3145 pure
792 3063 955 3146 spirituali
978 3085 1047 3128 non
1070 3065 1194 3148 aliquid
1217 3067 1323 3132 trahit

200 3175 244 3218 ex
263 3156 339 3219 idea
357 3156 520 3238 temporis
536 3177 598 3221 nec
618 3158 661 3220 ab
679 3157 755 3220 idea
770 3159 880 3240 spatii,
897 3159 974 3240 quia
991 3169 1145 3241 tempora
1161 3170 1196 3224 et
1212 3162 1323 3243 spatia

199 3251 232 3313 in
245 3249 350 3314 Caelo
362 3250 497 3332 quidem
510 3256 675 3333 apparent
687 3254 773 3315 sicut
789 3262 947 3334 tempora
959 3263 994 3317 et
1010 3255 1120 3336 spatia
1134 3255 1168 3318 in
1182 3255 1319 3328 mundo,

200 3345 259 3408 sed
281 3364 387 3427 usque
408 3345 454 3408 ibi
477 3365 546 3408 non
568 3355 667 3423 sunt;
699 3367 803 3428 quare
825 3347 940 3428 angeli
963 3357 1118 3430 tempora
1140 3358 1176 3412 et
1199 3351 1319 3432 spatia,

199 3460 284 3521 quae
306 3440 352 3503 ibi
374 3448 452 3502 sunt
471 3441 698 3521 apparentiae,
716 3460 783 3504 non
802 3450 945 3521 possunt
966 3443 1084 3506 metiri·
1099 3441 1199 3507 aliter
1217 3463 1318 3527 quam

199 3555 257 3616 per
273 3544 394 3611 status,
411 3536 496 3598 sicut
515 3535 549 3598 hi
567 3535 755 3617 procedunt
770 3545 806 3598 et
823 3545 1016 3599 mutantur:
1041 3555 1086 3600 ex
1102 3539 1220 3620 quibus
1236 3559 1319 3602 con·

198 3639 289 3692 stare
311 3638 439 3710 potest,
463 3629 553 3711 quod
580 3628 613 3691 in
636 3627 745 3692 Sensu
767 3650 849 3711 pure
874 3629 1038 3712 spirituali
1065 3651 1123 3713 per
1139 3633 1262 3696 “cito’'
1280 3645 1318 3698 et

200 3722 356 3805 “prope”
374 3743 443 3786 non
462 3723 673 3804 intelligatur
694 3725 765 3787 cito
787 3735 822 3787 et
846 3743 951 3806 prope
971 3727 1145 3808 temporis
1165 3729 1225 3791 sed
1249 3729 1319 3813 cito

198 3827 233 3880 et
256 3836 361 3899 prope
384 3826 504 3881 status.
551 3816 626 3880 Hoc
647 3818 783 3899 quidem
807 3827 922 3899 potest
942 3819 1046 3882 videri
1069 3822 1155 3884 sicut
1180 3842 1248 3885 non
1270 3821 1319 3886 ita

197 3912 261 3989 sit;
285 3930 385 3975 causa
403 3921 456 3975 est
472 3912 549 3993 quia
564 3911 652 3992 apud
671 3911 826 3974 homines
844 3911 877 3975 in
894 3915 986 3977 omni
1005 3914 1082 3978 idea
1100 3917 1317 3996 cogitationis

197 4005 359 4069 inferioris
381 4025 508 4080 eorum,
532 4024 618 4087 quae
642 4014 695 4068 est
722 4025 814 4069 mere
838 4007 1013 4083 naturalis,
1037 4019 1091 4073 est
1117 4010 1243 4093 aliquid
1270 4032 1316 4074 ex

197 4112 351 4183 tempore
374 4109 409 4163 et
419 4101 567 4181 ⁴-spati03
598 4099 697 4162 aliter
720 4101 754 4162 in
781 4099 858 4164 idea
883 4103 1102 4183 cogitationis
1125 4107 1315 4187 superioris,

195 4197 229 4258 in
255 4215 322 4278 qua
348 4194 502 4257 homines
526 4203 604 4257 sunt
629 4213 705 4256 cum
731 4194 876 4259 volvunt
902 4217 956 4260 res
984 4198 1165 4274 naturales,
1189 4199 1315 4276 civiles,

196 4288 342 4353 morales
371 4298 407 4352 et
437 4288 626 4372 spirituales
659 4290 692 4351 in
725 4288 801 4353 luce
830 4291 988 4355 rationali
1018 4293 1198 4374 interiore;
1232 4305 1314 4360 tunc

194 4387 285 4448 enim
305 4383 363 4447 lux
383 4383 574 4466 spiritualis,
594 4403 680 4466 quae
697 4383 872 4448 abstracta
889 4395 942 4450 est
966 4407 986 4448 a
1005 4396 1159 4470 tempore
1177 4398 1213 4453 et
1236 4411 1314 4473 spa·

195 4481 254 4551 tio,
282 4477 389 4542 influit
419 4486 454 4541 et
483 4477 641 4542 illustrat.
707 4479 810 4542 Potes
837 4480 901 4543 hoc
925 4481 1070 4563 experiri
1096 4491 1132 4545 et
1158 4484 1204 4547 sic
1232 4504 1314 4548 con·

195 4573 328 4649 firmari,
355 4573 383 4636 si
408 4573 470 4648 vis,
494 4572 597 4636 modo
626 4573 787 4636 attendas
816 4574 860 4637 ad
890 4585 967 4638 tuas
994 4577 1243 4657 cogitationes3
1277 4590 1313 4642 et

194 4687 328 4752 quoque
351 4678 432 4732 tunc
456 4665 707 4731 confirmaberis
730 4669 820 4750 quod
843 4670 1010 4751 cogitatio
1033 4672 1182 4753 superior
1204 4683 1238 4737 et
1262 4674 1312 4736 in·
