3384 5400
557 710 639 761 CAP.
658 709 1027 762 xx.-MEt10Rn131LE.

225 881 300 945 tavi,
321 892 352 936 et
373 896 410 935 ex
432 878 564 942 scientia,
586 889 618 933 et
638 878 708 933 dein
729 892 766 933 ex

227 963 431 1033 perceptione,
450 972 482 1016 et
500 962 622 1016 demum
644 976 682 1015 ex
698 960 765 1014 visu

224 1060 244 1098 e
274 1044 340 1098 luce
372 1042 522 1105 interiore,
547 1041 657 1112 agnovi
682 1041 764 1111 quod

225 1123 322 1179 bomo
343 1123 409 1178 tarn
435 1129 539 1193 parurn
566 1121 671 1191 sapiat,
696 1136 765 1176 ecce

223 1205 332 1258 datum
342 1213 389 1259 est
402 1204 476 1257 mihi
485 1202 588 1257 videre
601 1202 675 1256 illud
688 1211 765 1257 tem·

224 1286 321 1355 plum.
359 1282 430 1339 Erat
442 1284 542 1354 quoad
562 1282 689 1338 formam
709 1283 765 1336 mi-

222 1366 328 1420 rabile.
390 1364 461 1419 Erat
492 1365 643 1419 elevatum
669 1363 778 1435 supra'

223 1446 362 1508 humum,
375 1444 764 1516 quadrangulareparietes

222 1542 263 1582 ex
284 1526 435 1598 crystallo,
455 1524 570 1580 tedium
590 1536 627 1580 ex
648 1525 764 1596 jaspide

222 1606 378 1678 pellucido
414 1608 566 1679 eleganter
599 1616 763 1670 arcuatum,

222 1686 410 1744 substrudlio
428 1704 465 1742 ex
477 1687 562 1742 vario
579 1688 679 1757 lapide
697 1704 764 1758 pre·

221 1770 315 1824 tioso.
363 1768 455 1824 Erant
473 1768 592 1839 gradus,
614 1784 667 1839 per
686 1785 764 1839 quos

221 1851 254 1903 in
270 1849 344 1903 illud
363 1850 588 1911 ascendebatur,
600 1865 637 1903 ex
649 1850 763 1905 alabas-

219 1941 275 1985 tro
293 1929 397 2000 polito.
438 1930 486 1984 Ad
506 1929 600 1984 latera
615 1931 762 2001 graduum

220 2011 409 2081 apparebant
422 2010 500 2065 sicut
517 2011 621 2067 leones
632 2028 701 2066 cum
714 2028 763 2067 ca·

219 2090 306 2147 tulis.
337 2098 340 2103 '

260 2170 302 2225 Et
323 2180 396 2225 tunc
416 2170 551 2240 quaesivi
576 2187 648 2225 num
673 2171 763 2226 liceat

221 2253 346 2313 intrare,
354 2261 385 2305 et
393 2248 504 2304 ditium
516 2244 654 2322 estquod
664 2252 761 2307 liceat

220 2330 481 2405 Quareascendh
506 2342 625 2387 etcum
644 2333 776 2396 intravi,¹

218 2412 288 2467 vidi
307 2412 385 2467 sicut
397 2412 544 2468 cherubos
556 2414 692 2469 volantes
705 2414 761 2469 sub

219 2490 376 2556 testosed
386 2505 694 2559 moxevanesoentes;
712 2512 760 2551 so-

220 2575 289 2628 lum
320 2584 408 2645 super
434 2590 495 2644 quo
524 2575 695 2630 ambulatur
723 2593 761 2631 ex

219 2654 331 2718 cedris,
341 2665 372 2709 et
381 2664 480 2709 totum
490 2655 636 2726 ternplum
649 2672 686 2712 ex
700 2657 761 2728 pel·

218 2736 356 2792 lucentia
384 2733 457 2790 tetii
482 2745 514 2791 et
544 2737 691 2808 parietum
721 2739 760 2794 ad

218 2816 353 2873 formam
366 2816 449 2872 lucis*

258 2897 397 2953 Intrabat
404 2913 521 2953 mecum
532 2897 661 2968 Spiritus
671 2915 761 2970 ange·

216 2979 309 3041 licus,
329 2977 377 3032 cui
399 2978 486 3032 retuli
507 2979 580 3048 quid
601 2980 701 3034 audivi
724 2989 761 3034 ex

218 3058 482 3128 binisllngelisde
492 3063 594 3114 amore
603 3068 634 3114 et
643 3060 760 3130 sapien-

217 3141 274 3204 tia,
286 3149 321 3193 ut
330 3147 361 3193 et
370 3138 408 3194 de
416 3139 563 3195 charitate
572 3150 603 3194 et
616 3140 683 3195 fide.
722 3139 761 3195 Et

218 3232 299 3276 tunc
310 3219 395 3282 dixit,
408 3219 546 3275 “Annon
558 3221 650 3276 etiarn
666 3222 760 3277 locuti

218 3311 296 3358 sunt
308 3301 347 3355 de
358 3300 476 3355 tertio?
492 3324 495 3330 ¹

257 3390 276 3412 ⁶·
287 3379 368 3454 Quid
381 3380 530 3444 tertium,”
542 3381 613 3437 dixi.

228 3491 232 3498 -
258 3461 440 3530 Respondit,
461 3470 478 3493 ‘⁴
487 3461 542 3516 Est
562 3479 650 3527 usus:
675 3479 761 3517 amor

218 3553 252 3598 et
265 3541 416 3612 sapientia
424 3543 536 3613 absque
549 3560 603 3598 usu
615 3559 675 3598 non
689 3554 760 3598 sunt

218 3622 353 3694 aliquid:
369 3633 439 3677 sunt
452 3625 543 3678 modo
552 3623 634 3678 entia
644 3625 759 3687 idealia,

219 3719 281 3759 nec
300 3702 377 3757 fiunt
392 3702 481 3758 realia
499 3705 670 3774 priusquam
689 3716 760 3760 sunt

220 3786 253 3839 in
267 3799 343 3838 usu:
359 3795 432 3839 sunt
444 3785 525 3838 enim
538 3801 629 3848 amor,
642 3786 759 3857 sapien-

218 3866 266 3922 tia
286 3864 578 3936 etuaus,triaquae
595 3882 657 3922 non
675 3883 760 3938 sepa·

218 3945 282 4001 rari
295 3956 439 4016 possunt;
456 3945 482 4000 si
495 3958 677 4016 separantur,
687 3965 760 4003 neu·

218 4027 364 4081 trum'est
376 4025 498 4096 aliquid.
535 4026 603 4081 Non
617 4038 761 4084 estamor

218 4107 338 4178 aliquid
357 4107 469 4177 absque
487 4107 641 4177 sapientia,
655 4110 708 4164 sed
728 4109 759 4164 in

219 4185 372 4259 sapientia
396 4187 543 4241 formatur
565 4189 604 4242 ad
631 4189 759 4260 aliquid;

220 4271 283 4324 hoc
292 4267 406 4337 aliquid
415 4268 455 4323 ad
464 4268 546 4339 quod
559 4267 705 4324 formatur
713 4281 760 4325 est

220 4366 313 4412 usus;
332 4365 423 4419 quare
435 4365 504 4404 cum
517 4367 603 4404 arnor
617 4366 670 4421 per
681 4351 760 4421 sapi·

220 4430 759 4501 entiaminusuesttuncestaliquid,

220 4511 288 4566 imo
302 4520 377 4564 tunc
395 4510 523 4580 primum
537 4511 645 4566 existit.
682 4511 760 4566 Sunt

221 4607 346 4662 prorsus
358 4590 436 4646 sicut
445 4590 520 4652 finis.
530 4607 619 4646 causa
631 4601 663 4646 et
671 4592 760 4648 eiiec·

220 4685 289 4737 tus;
317 4671 387 4726 finis
407 4688 468 4726 non
492 4681 539 4727 est
563 4672 676 4743 aliquid
701 4673 758 4729 nisi

1292 714 1355 782 777

819 894 872 949 per
883 895 1002 937 causam
1017 880 1098 935 sitin
1112 879 1237 946 efletim
1256 882 1280 935 si
1295 882 1355 935 sol-

817 960 1355 1025 uiturununresillistribus,solvitur

817 1054 915 1103 omne,
931 1050 962 1096 et
981 1040 1015 1095 fit
1032 1042 1110 1097 sicut
1128 1043 1212 1097 nihil.
1249 1040 1354 1097 Simile

816 1131 864 1175 est
876 1138 945 1176 cum
964 1122 1117 1186 charitate,
1131 1122 1198 1185 fide.
1211 1132 1242 1178 et
1254 1122 1353 1193 operi·

816 1203 889 1267 bus;
916 1204 1051 1258 charitas
1069 1205 1183 1273 absque
1197 1203 1266 1259 'fide
1292 1220 1352 1258 non

815 1293 863 1339 est
892 1283 1014 1355 aliquid,
1045 1300 1101 1339 nec
1134 1284 1209 1340 fides
1239 1285 1352 1354 absque

816 1364 970 1428 charitate,
993 1380 1049 1419 nec
1068 1365 1197 1420 charitas
1221 1373 1252 1419 et
1277 1364 1352 1420 fides

815 1446 928 1517 absque
947 1445 1102 1517 operibus;
1120 1454 1153 1499 at
1165 1444 1195 1499 in
1211 1446 1351 1514 operibus

816 1526 894 1581 fiunt
904 1524 1025 1597 aliquid,
1034 1524 1252 1595 ettalealiquid
1262 1526 1351 1596 quale

815 1616 993 1677 estoperutn
1002 1622 1081 1661 usus.
1115 1605 1350 1661 Simileestcurn

815 1685 982 1749 adessione,
994 1686 1178 1757 cogitatione
1196 1696 1228 1741 et
1244 1702 1351 1757 opera·

814 1769 913 1831 tione:
932 1779 962 1823 et
981 1768 1077 1823 simile
1095 1778 1141 1823 est
1160 1782 1228 1821 cum
1242 1768 1350 1823 volun·

814 1857 884 1910 tate,
895 1846 1045 1904 inteuenu
1056 1861 1087 1903 et
1096 1846 1222 1903 actione.
1259 1846 1350 1919 Quod

815 1929 858 1984 ita
869 1929 916 1991 sit,
929 1929 1023 1983 videri
1043 1940 1142 2000 potest
1155 1930 1233 1984 clare
1247 1929 1276 1983 in
1290 1929 1349 1983 hoc

814 2011 936 2081 templo,
949 2010 1020 2082 quia
1038 2010 1097 2071 lux,
1112 2010 1141 2064 in
1154 2022 1214 2081 qua
1232 2010 1281 2065 hic
1299 2026 1349 2065 su-

815 2107 890 2153 mus,
915 2100 961 2145 est
986 2090 1036 2144 lux
1062 2090 1214 2145 illustrans
1239 2091 1349 2145 mentis

814 2170 963 2227 interiora.
1001 2170 1090 2243 Quod
1102 2183 1161 2225 non
1172 2170 1349 2226 detur-corn·

813 2252 928 2323 pletum
941 2260 972 2305 et
989 2249 1152 2322 perietlum
1166 2250 1222 2305 nisi
1241 2250 1281 2306 sit
1295 2252 1349 2305 tri·

812 2332 991 2395 nurn,etiam
999 2332 1089 2387 docet
1095 2332 1273 2402 geometria;
1286 2346 1346 2387 non

812 2413 893 2469 enirn
914 2421 962 2467 est
985 2411 1065 2467 linea
1082 2411 1194 2481 aliquid
1218 2412 1274 2466 nisi
1296 2412 1347 2467 fiat

811 2507 896 2557 area;
916 2492 1220 2563 necestareaaliquid
1230 2492 1285 2546 nisi
1293 2491 1347 2546 liat

811 2590 936 2645 corpus:
954 2588 1045 2644 quare
1058 2575 1185 2628 ducetur
1202 2588 1296 2627 unum
1316 2574 1346 2627 in

811 2656 947 2718 alterum,
967 2665 1001 2710 ut
1018 2655 1165 2718 existant;
1184 2664 1215 2710 et
1232 2654 1348 2710 coexis-

810 2747 881 2791 tunt
895 2737 924 2791 in
937 2737 1036 2792 tertio.
1073 2735 1157 2792 Sicut
1170 2745 1216 2791 est
1229 2735 1259 2790 in
1279 2735 1345 2796 hoc.

811 2817 902 2873 etiam
916 2828 962 2873 est
981 2818 1011 2872 in
1024 2817 1164 2872 omnibus
1177 2827 1208 2871 et
1220 2816 1347 2888 singulis

810 2899 927 2962 creatis,
947 2914 1025 2968 quae
1045 2897 1129 2952 finita
1147 2907 1218 2952 sunt
1235 2897 1270 2951 in
1291 2911 1348 2952 suo

811 2980 911 3035 tertio.
937 2978 1011 3034 Inde
1020 2985 1100 3033 nunc
1109 2989 1164 3040 est.
1172 2979 1253 3048 quod
1262 2977 1347 3031 ‘inb'

812 3060 842 3114 in
863 3059 963 3114 Verbo
982 3059 1178 3131 spiritualiter
1195 3056 1348 3114 intelledla

811 3139 1347 3212 significentcompletumetprorsus.

811 3220 961 3293 Quoniam
982 3221 1024 3275 ita
1036 3229 1163 3282 estnon
1184 3221 1268 3290 potui
1285 3235 1346 3275 non

811 3301 919 3363 mirari,
929 3301 1140 3372 quodquidam
1151 3299 1348 3370 profiteantur

810 3384 905 3438 solam
914 3381 1142 3452 iidem.quidam
1150 3381 1347 3436 solamchari·

809 3473 914 3523 tatem,
927 3461 1049 3533 quidam
1069 3463 1134 3516 sola
1152 3477 1258 3532 opera:
1276 3477 1346 3516 cum

809 3553 912 3598 tamen
938 3557 1030 3596 unum
1051 3543 1166 3612 absque
1186 3543 1290 3604 altero,
1312 3559 1348 3597 ac

809 3639 905 3678 unum
924 3634 956 3678 et
976 3623 1064 3678 simul
1086 3623 1214 3677 alterum
1234 3624 1348 3695 absque

809 3705 909 3768 tertio,
923 3719 984 3759 non
997 3712 1044 3758 est
1056 3703 1196 3774 aliquid.''

846 3785 905 3840 Sed
924 3795 997 3839 tunc
1015 3785 1157 3854 quaesivi.
1178 3783 1347 3840 “Potestne

810 3864 1346 3928 homocharitatemetfidemhabere,

810 3958 842 4002 et
865 3963 961 4018 usque
985 3963 1046 4002 non
1070 3961 1178 4016 opera:
1206 3955 1346 4017 potestne

810 4029 904 4083 homo
917 4045 982 4083 esse
1002 4028 1031 4082 in
1044 4025 1204 4082 alledlione
1222 4037 1252 4081 et
1265 4026 1347 4098 cogi·

810 4109 926 4164 tatione
947 4109 985 4164 de
1009 4109 1109 4179 aliqua
1130 4123 1169 4168 re,
1192 4117 1223 4162 et
1244 4117 1346 4162 tamen

810 4205 871 4244 non
885 4191 915 4243 in
928 4190 1103 4259 operatione
1116 4187 1209 4258 ejusfl

846 4269 932 4324 Dixit
946 4269 1020 4324 mihi
1039 4267 1167 4340 Spiritus
1185 4267 1346 4338 angelicus,

810 4349 905 4406 “Non
921 4361 1022 4422 potest
1034 4349 1091 4405 nisi
1104 4347 1198 4404 modo
1211 4347 1346 4403 idealiter

810 4441 842 4485 at
862 4446 922 4485 non
943 4431 1069 4486 realiter.
1115 4427 1179 4484 Erit
1197 4441 1291 4499 usque
1314 4428 1345 4482 in

809 4522 920 4566 conatu
932 4520 985 4566 aut
997 4511 1154 4565 voluntate
1166 4510 1204 4564 ad
1220 4523 1346 4579 operan-

810 4593 900 4654 dum:
927 4607 962 4645 ac
983 4590 1122 4644 voluntas
1144 4605 1197 4644 seu
1218 4597 1345 4644 conatus

810 4682 857 4729 est
866 4669 950 4726 adius
960 4670 991 4725 in
1001 4687 1040 4734 se,
1049 4671 1120 4742 quia
1129 4679 1176 4725 est
1185 4669 1345 4725 continuus
