3384 5400
351 662 413 727 818
669 674 918 727 moeremus
943 674 1153 726 navatam.

349 850 583 934 significantur
601 852 676 925 tria,
693 851 726 914 in
746 868 904 933 supremo
923 847 1031 913 Sensu
1051 850 1227 925 Dominus,
1248 850 1281 913 in
1301 850 1476 913 communi

350 946 457 1011 Sensu
474 946 615 1009 Caelum
631 956 689 1008 aut
706 947 854 1009 societas
870 944 1038 1020 caelestis
1057 954 1092 1008 et
1111 945 1144 1008 in
1164 942 1357 1027 particulari
1378 944 1477 1008 Divi·

350 1060 430 1105 num
448 1039 576 1104 Verum
594 1039 700 1122 (quod
719 1041 803 1103 haec
823 1041 887 1102 tria
906 1060 965 1122 per
983 1046 1002 1071 ‘⁴
1014 1038 1189 1121 Angelum
1197 1038 1212 1063 ’‘
1228 1038 1475 1121 significentur,

351 1135 506 1197 videatur
528 1155 560 1197 n.
584 1150 610 1215 5,
630 1132 696 1215 658]
722 1151 791 1215 170,
817 1135 888 1215 258,
915 1150 985 1214 342,
1011 1151 1082 1214 344,
1105 1148 1179 1215 415,
1201 1133 1276 1215 465,
1299 1134 1373 1213 644,
1398 1134 1474 1213 647,

347 1228 421 1308 648,
441 1230 514 1310 657,
535 1228 633 1311 718);
657 1230 710 1292 hic
731 1228 871 1293 Caelum
890 1248 968 1291 cum
987 1249 1054 1311 quo
1073 1228 1171 1291 Nova
1192 1227 1328 1290 Domini
1347 1226 1475 1290 Eccle-

348 1326 397 1387 sia
412 1342 516 1386 unum
531 1324 643 1387 saciet.
688 1321 790 1403 Quod
809 1320 966 1385 Ecclesia
981 1342 1067 1404 quae
1086 1342 1131 1386 ex
1147 1320 1275 1396 Verbo,
1293 1323 1341 1384 ita
1359 1342 1380 1384 a
1400 1320 1474 1383 Do·

349 1419 452 1493 mino,
473 1428 526 1481 est
550 1416 717 1490 Ecclesia,
738 1418 771 1479 in
794 1418 1050 1480 consociatione
1073 1417 1117 1480 sit
1141 1406 1217 1479 cum
1242 1413 1358 1491 Caelo,
1379 1424 1416 1477 et
1441 1416 1474 1477 in

347 1509 586 1591 conjunltione
604 1530 682 1575 cum
706 1511 866 1584 Domino,
886 1511 1041 1573 videatur
1058 1530 1158 1592 supra
1178 1508 1225 1593 (n.
1245 1508 1321 1593 818)
1338 1532 1345 1587 ;
1373 1510 1474 1574 aliter

347 1605 506 1670 Ecclesia
523 1626 610 1689 quae
628 1626 698 1669 non
717 1626 762 1668 ex
782 1604 900 1668 Verbo
920 1604 1057 1668 Domini
1075 1614 1138 1669 est.

407 1718 502 1784 911.
527 1714 613 1781 [Vm.
629 1713 683 1780 ra]
708 1702 773 1764 “fr
785 1708 859 1764 aaut
870 1706 1030 1764 structura
1044 1702 1127 1763 muel
1136 1700 1205 1783 ojus
1217 1700 1356 1783 jaspin,''
1367 1702 1476 1783 signi·

347 1793 428 1859 fleat
454 1794 658 1877 quodamne
682 1794 843 1857 Divinum
877 1794 999 1857 Verum
1033 1792 1136 1857 Verbi
1161 1794 1197 1857 c'n
1224 1793 1330 1857 Sensu
1356 1792 1474 1857 literae
1511 1806 1512 1811 ’

347 1888 443 1969 apud
457 1889 603 1952 homines
618 1888 718 1951 catius
733 1885 899 1951 Ecclesiae
913 1888 1118 1951 transluceat
1134 1908 1176 1951 ex
1189 1888 1313 1951 Divino
1336 1886 1419 1951 Vera
1437 1890 1473 1951 in

349 1983 456 2047 Sensu
485 1982 776 2063 spirituali—Per
807 1983 989 2046 “murum''
1020 1982 1228 2065 significatur
1254 1982 1407 2047 Verbum
1438 1986 1471 2046 in

348 2076 456 2143 Sensu
476 2078 594 2143 literae
619 2076 666 2160 (n.
686 2077 785 2161 898);
819 2098 878 2161 per
899 2076 1152 2142 “sumturum”
1170 2078 1240 2159 ejus
1263 2078 1473 2161 significatur

348 2192 450 2237 omne
473 2172 553 2254 ejus,
578 2173 655 2255 quia
677 2193 779 2236 omne
801 2172 871 2253 ejus
894 2182 947 2236 est
975 2174 1008 2235 in
1035 2170 1223 2251 structura3
1258 2192 1317 2255 per
1342 2172 1471 2256 “jaspi-
1545 2238 1548 2241 .

348 2268 427 2331 dem
437 2267 453 2291 ”
479 2266 689 2349 significatur
714 2268 823 2331 simile
850 2268 939 2351 quod
970 2288 1030 2351 per
1059 2267 1235 2349 “lapidem
1262 2268 1471 2349 pretiosum”

347 2364 382 2425 in
394 2382 536 2433 summa,
548 2372 583 2425 et
596 2382 656 2444 per
667 2362 843 2445 “lapidem
857 2361 1072 2445 pretiosum,”
1082 2382 1159 2426 cum
1173 2363 1216 2425 de
1226 2361 1354 2435 Verb0‚
1365 2363 1469 2445 signi-

348 2455 468 2521 flcatur
487 2457 646 2519 Divinum
665 2456 795 2520 Verum
814 2456 919 2519 Verbi
938 2458 973 2520 in
992 2454 1100 2520 Sensu
1119 2456 1237 2521 literae
1257 2456 1470 2521 translucens

349 2573 394 2616 ex
414 2552 538 2614 Divino
557 2551 650 2615 Vero
668 2552 701 2613 in
722 2550 830 2615 Sensu
850 2551 1014 2633 spirituali
1035 2550 1081 2633 (n.
1102 2568 1174 2632 231,
1193 2566 1263 2633 540,
1282 2552 1354 2633 726,
1372 2552 1469 2635 823);

348 2647 439 2730 quod
456 2646 564 2710 simile
580 2666 640 2729 per
653 2645 876 2729 “jaspidem’'
888 2647 1043 2710 videatur
1056 2667 1155 2730 supra
1174 2644 1221 2729 (n.
1235 2646 1323 2729 897).
1369 2646 1469 2730 Quod

348 2742 570 2818 transluceat,
601 2751 655 2804 est
684 2743 762 2824 quia
795 2742 955 2805 Divinum
988 2741 1117 2806 Verum
1149 2743 1183 2805 in
1214 2741 1322 2806 Sensu
1352 2742 1470 2808 literae

348 2847 402 2899 est
425 2838 459 2899 in
481 2837 555 2900 luce
574 2836 730 2911 naturali,
750 2846 786 2900 et
810 2837 970 2900 Divinum
988 2857 1104 2900 verum
1126 2839 1160 2900 in
1180 2836 1289 2902 Sensu
1308 2839 1469 2920 spirituali
1507 2883 1511 2894 ·

349 2941 402 2995 est
429 2933 462 2994 in
486 2932 561 2995 luce
584 2931 767 3014 spirituali3
794 2953 897 3014 quare
921 2951 997 2996 cum
1021 2933 1080 2995 lux
1104 2933 1285 3016 spiritualis
1308 2933 1414 2998 influit
1436 2937 1469 2998 in

350 3025 459 3088 lucem
484 3026 674 3089 naturalem
698 3026 787 3108 apud
810 3027 983 3090 hominem
1006 3027 1061 3109 qui
1085 3026 1170 3109 legit
1188 3025 1352 3103 Verbum,
1377 3029 1470 3092 illus·

349 3130 458 3185 tratur
480 3120 548 3196 ille,
572 3131 608 3184 et
631 3122 725 3184 videt
747 3142 827 3184 vera
850 3120 905 3196 ibi,
926 3140 1005 3183 nam
1028 3118 1160 3202 objetta
1184 3121 1266 3184 lucis
1289 3124 1469 3205 spiritualis

348 3225 427 3278 sunt
443 3237 533 3279 vera.
578 3215 730 3279 Verbum
746 3219 851 3279 etiam
870 3218 903 3278 in
923 3215 1030 3279 Sensu
1050 3215 1167 3280 literae
1184 3215 1253 3280 tale
1270 3227 1333 3293 est,
1351 3229 1388 3282 ut
1404 3240 1469 3301 quo

349 3308 424 3392 plus
453 3310 557 3373 homo
587 3309 775 3373 illustratur
804 3331 863 3392 per
889 3309 1052 3374 influxum
1084 3309 1166 3374 lucis
1197 3309 1302 3386 Caeli,
1328 3331 1370 3375 eo
1396 3311 1469 3395 plus

347 3405 464 3467 videat
484 3427 564 3468 vera
586 3426 631 3468 ex
655 3425 747 3468 nexu
769 3416 805 3469 et
828 3407 907 3468 inde
929 3406 1037 3468 forma
1060 3405 1213 3483 illorum;
1247 3415 1283 3469 et
1306 3426 1374 3488 quo
1396 3406 1469 3490 plus

348 3499 397 3561 ita
412 3499 506 3562 videt
524 3499 593 3575 illa,
610 3521 652 3562 eo
667 3501 806 3563 interius
822 3501 970 3583 aperitur
986 3499 1153 3563 rationale
1171 3499 1250 3582 ejus,
1269 3519 1348 3564 nam
1367 3503 1468 3565 ratio·

349 3592 427 3657 nale
445 3604 499 3658 est
517 3597 625 3677 ipsum
644 3595 899 3678 receptaculum
919 3595 1001 3658 lucis
1021 3593 1125 3659 Caeli.

409 3705 504 3772 912.
532 3692 601 3755 “fr
618 3692 692 3755 uela
711 3711 820 3754 aarum
833 3712 943 3773 purum
961 3691 1059 3754 simila
1080 3692 1155 3755 vltra
1170 3691 1286 3774 pura,''
1300 3693 1468 3775 significat

348 3785 439 3869 quad
456 3783 532 3848 inde
552 3805 645 3847 amne
665 3783 833 3848 Ecclesiae
855 3785 946 3848 illius
969 3785 1016 3848 sit
1044 3783 1160 3848 bonum
1183 3785 1308 3848 amoris
1331 3785 1470 3869 influens

348 3901 415 3944 una
435 3901 508 3943 cum
530 3880 597 3943 luce
617 3902 635 3942 e
658 3879 757 3944 Caelo
778 3901 800 3943 a
821 3879 1079 3943 Domina—Per
1103 3879 1281 3954 “urbem,”
1304 3901 1363 3943 seu
1387 3879 1469 3945 Hie·

347 3976 568 4056 rosolymam,
604 3973 808 4057 intelligitur
843 3975 943 4038 Nova
988 3974 1124 4038 Domini
1162 3973 1318 4038 Ecclesia
1359 3976 1469 4057 quoad

348 4090 450 4134 omne
473 4069 543 4152 ejus
565 4071 715 4146 interius,
739 4091 799 4133 seu
822 4071 911 4134 intra
934 4089 1064 4133 murum
1087 4067 1264 4152 spefltata;
1296 4089 1356 4152 per
1381 4076 1470 4133 “au-'

348 4166 445 4228 rum”
464 4163 673 4248 significatur
690 4165 817 4228 bonum
836 4165 959 4228 amoris
983 4185 1003 4227 a
1026 4164 1186 4240 Domino,
1206 4165 1248 4228 de
1270 4185 1337 4247 quo
1360 4165 1469 4248 sequi·

348 4269 425 4338 tur;
452 4269 487 4324 et
514 4279 573 4342 per
597 4258 737 4322 “simile
759 4260 848 4322 vitro
871 4259 976 4342 puro''
997 4258 1205 4341 significatur
1228 4258 1402 4341 pellucens
1425 4279 1469 4322 ex

351 4355 474 4417 Divina
490 4352 683 4436 Sapientia;
708 4361 743 4416 et
759 4355 836 4436 quia
855 4353 940 4418 haec
956 4363 1097 4436 apparet
1117 4353 1151 4416 in
1170 4351 1275 4416 Caelo
1291 4363 1328 4416 ut
1347 4352 1418 4428 lux,
1435 4364 1470 4415 et

347 4447 455 4513 influit
474 4470 494 4511 a
514 4448 663 4512 Domino
682 4457 718 4512 ut
735 4446 826 4523 Sole,
843 4468 903 4530 per
920 4447 1057 4512 “simile
1073 4448 1161 4510 vitro
1180 4447 1285 4530 puro’'
1301 4445 1468 4530 significa-

349 4553 404 4606 tur
421 4543 563 4607 influens
582 4562 648 4606 una
666 4563 743 4608 cum
763 4541 838 4606 luce
867 4563 885 4606 e
912 4540 1018 4607 Caelo
1044 4563 1065 4605 a
1092 4541 1250 4634 Domino.
1295 4539 1402 4624 Supra
1423 4541 1467 4622 (n.

347 4636 426 4722 908)
447 4648 623 4702 ostensum
642 4647 706 4714 est,
727 4637 817 4721 quod
834 4639 948 4701 omnia
967 4635 1061 4702 Caeli
1080 4646 1115 4701 et
1139 4635 1315 4700 Ecclesiae
1334 4637 1401 4700 sint
1424 4653 1466 4699 ex
