3384 5400
480 709 559 761 cns.
578 709 693 771 xvui,
712 707 813 758 vens.
831 707 939 775 3.-u.
955 708 1026 776 759.
1248 693 1308 759 661

192 882 382 948 Videantur
397 879 493 964 plura
511 881 554 944 de
573 879 697 944 Merito
715 880 748 942 in
769 875 881 962 Opere
899 877 951 940 De
964 877 1063 941 Noua
1079 876 1312 960 Hierosolyma

190 988 222 1042 et
249 978 290 1041 de
316 975 479 1040 Doctrina
501 976 569 1059 ejus
591 973 732 1050 caelesti,
757 973 903 1037 Londini
929 992 1021 1036 anno
1048 974 1125 1055 1758
1149 973 1242 1036 edito
1263 971 1310 1057 (n.

194 1089 205 1136 1
230 1073 335 1152 0-158
355 1119 362 1134 .

213 1087 228 1154 ⁵
247 1070 350 1252 7593
375 1165 440 1229 'ft
451 1171 644 1229 mercatores
657 1171 764 1227 torem
782 1182 824 1227 or
841 1161 1039 1226 totototr’tus
1052 1162 1231 1226 deliciarum
1245 1163 1312 1246 olus

189 1262 279 1325 enon
298 1261 406 1332 ΜΨ
424 1259 592 1342 significat
614 1261 757 1343 majores
781 1267 815 1321 et
838 1259 984 1320 minores
1004 1257 1139 1320 ordinis
1164 1259 1201 1321 in
1224 1257 1311 1322 Hie-

189 1354 326 1420 rarcleia
344 1352 416 1428 illa,
435 1353 496 1435 qui
505 1361 571 1434 per
585 1351 764 1415 domim'nm
782 1360 885 1432 super
898 1351 1016 1413 sanila
1031 1359 1198 1430 aucupant
1212 1349 1310 1414 Divi-

190 1469 267 1513 nam
289 1450 495 1532 majestatem
516 1456 548 1510 et
569 1446 798 1528 superregniom
812 1443 970 1526 gloriam,
989 1453 1022 1507 et
1041 1444 1189 1507 continue
1209 1444 1311 1528 offec-

189 1553 264 1607 tont
280 1541 491 1607 constabilire
508 1540 587 1605 illas
601 1549 666 1623 per
682 1539 973 1620 muto'plicationem
987 1539 1262 1603 monasteriorum
1279 1549 1313 1603 et

184 1638 432 1720 possessionum
449 1635 510 1700 snb
533 1636 613 1711 elles,
632 1645 665 1698 et
682 1645 747 1717 per
768 1633 954 1716 thesauros,
974 1655 1054 1716 quos
1073 1633 1197 1715 absque
1203 1634 1312 1718 finer

189 1733 309 1798 mundo
326 1741 527 1813 congregant
543 1740 575 1794 et
591 1727 767 1803 cumulant,
787 1739 819 1791 et
839 1728 889 1791 sic
905 1728 974 1791 sibi
987 1738 1183 1810 comparant
1188 1729 1311 1812 jucun-

188 1828 312 1893 ditates
334 1835 367 1889 et
387 1825 600 1889 amoenitates
622 1832 796 1905 corporeos
825 1833 858 1886 et
886 1822 1058 1886 naturales
1086 1844 1129 1886 ex
1150 1823 1311 1888 attributo

187 1921 256 1986 sibi
270 1920 426 1986 Dominio
439 1919 574 1983 caelesti
587 1927 620 1982 et
636 1917 926 1998 spirituali—Per
943 1921 1180 1991 “mercatores
1196 1918 1310 2000 Baby-

189 2016 299 2082 lonis”
319 2035 387 2080 non
410 2014 465 2078 alii
488 2023 630 2096 possunt
653 2011 799 2094 intelligi
817 2032 919 2095 quam
938 2011 1082 2094 majores
1104 2023 1140 2076 et
1163 2014 1310 2078 minores

189 2113 315 2177 ordinis
338 2111 371 2173 in
396 2108 593 2172 Hierarchia
615 2127 730 2172 eorum
750 2106 993 2180 ecclesiastica,
1013 2108 1091 2190 quia
1112 2108 1146 2170 in
1165 2129 1250 2171 vers.
1270 2125 1310 2189 23

189 2204 284 2287 hujus
304 2204 424 2286 capitis
445 2203 566 2266 dicitur
587 2201 677 2284 quod
701 2203 768 2264 sint
789 2204 999 2282 “magnates
1018 2201 1165 2280 terrae;”
1193 2212 1228 2265 et
1251 2223 1311 2285 per

191 2298 400 2363 “facultates
416 2296 610 2360 deliciarum
626 2296 745 2378 quibus
761 2295 860 2359 ditati
877 2295 985 2370 sunt,”
1001 2315 1069 2358 non
1086 2295 1151 2359 alia
1167 2307 1310 2379 possunt

188 2393 345 2475 intelligi,
362 2411 463 2475 quam
479 2391 654 2472 dogmata,
672 2411 731 2472 per
746 2411 831 2472 quae
849 2399 885 2453 ut
905 2390 1016 2453 media
1031 2390 1092 2452 sibi
1109 2402 1310 2473 comparant

189 2488 375 2552 dominium
395 2506 493 2568 super
511 2486 641 2548 animas
660 2484 844 2560 hominum,
866 2493 901 2547 et
924 2486 970 2547 sic
990 2485 1094 2547 etiam
1113 2505 1212 2567 super
1230 2506 1310 2568 pos·

189 2583 358 2646 sessiones
374 2589 410 2644 et
426 2599 508 2662 opes
521 2598 656 2656 eorum;
679 2579 769 2662 quod
786 2579 848 2642 has
863 2588 1076 2661 congregent
1088 2578 1216 2662 absque
1232 2580 1308 2656 fine,

188 2687 223 2743 et
245 2675 313 2741 illis
335 2675 532 2739 distendant
552 2673 759 2738 thesauraria
777 2692 847 2749 sua,
869 2665 987 2738 notum
1007 2682 1080 2751 est;
1109 2683 1182 2737 tum
1206 2677 1310 2740 etiam

188 2772 278 2854 quod
296 2771 518 2852 negotientur
539 2788 616 2832 cum
639 2764 765 2831 sanclis
784 2766 972 2842 Ecclesiae,
993 2778 1030 2831 ut
1052 2768 1142 2850 quod
1166 2789 1226 2851 per
1248 2770 1310 2833 ob-

189 2865 336 2930 lationes
358 2873 393 2927 et
417 2863 507 2926 dona
525 2863 607 2926 data
626 2863 839 2925 monasteriis
863 2872 898 2925 et
921 2882 1038 2925 eorum
1057 2859 1184 2925 sanclis
1207 2872 1242 2927 et
1265 2866 1321 2928 si·-

189 2960 357 3033 mulacris,
378 2968 413 3021 et
433 2978 491 3039 per
510 2958 638 3031 missas,
656 2956 887 3039 indulgentias
905 2966 941 3020 et
959 2957 1232 3039 dispensationes
1250 2978 1310 3021 va·

188 3054 262 3128 rias,
282 3052 436 3116 vendant
456 3050 612 3125 salutem,
632 3050 696 3113 hoc
720 3060 784 3125 est,
805 3048 956 3113 Caelum.
1001 3049 1086 3131 Quis
1109 3070 1177 3114 non
1196 3052 1310 3115 videre

188 3155 315 3229 potest,
337 3145 427 3228 quod
447 3146 474 3207 si
492 3145 676 3208 dominium
696 3143 817 3226 papale
836 3163 905 3207 non
924 3142 1066 3207 sradtum
1085 3144 1201 3209 suisset
1221 3155 1309 3209 tem·

188 3260 268 3322 pore
288 3238 565 3313 Reformationis,
585 3239 806 3301 corrasissent
826 3239 1059 3319 possessiones
1077 3249 1112 3302 et
1134 3259 1216 3321 opes
1235 3260 1309 3303 om·

189 3334 280 3397 nium
298 3352 481 3414 regnorum
504 3334 537 3395 in
558 3333 712 3395 universa
731 3330 878 3413 Europa,
899 3341 934 3395 et
957 3341 1038 3395 tunc
1062 3333 1152 3415 quod
1175 3333 1223 3396 illi
1246 3333 1310 3398 soli

188 3427 315 3491 domini
332 3424 411 3490 fatti
425 3426 577 3501 luissent,
594 3436 629 3490 et
646 3446 766 3489 omnes
778 3426 895 3509 reliqui
912 3427 1018 3503 servi3
1042 3446 1157 3490 annon
1174 3448 1218 3491 ex
1235 3448 1309 3491 sae-

189 3521 271 3584 culis
289 3540 378 3603 quae
396 3520 614 3602 praecedunt,
625 3518 771 3602 ¹quando
790 3520 855 3582 illis
876 3520 936 3583 suit
955 3530 1111 3602 potestas
1129 3541 1229 3603 super
1246 3524 1309 3585 im-

189 3622 364 3695 peratores
384 3622 419 3676 et
442 3633 551 3695 reges,
571 3633 666 3696 quos,
686 3614 713 3676 si
736 3632 805 3677 non
827 3614 1016 3697 obedirent,
1041 3624 1224 3697 potuerunt
1247 3637 1310 3679 ex-

189 3708 440 3770 communicare
461 3716 496 3770 et
519 3703 686 3790 abdicare,
707 3709 886 3791 praecipua
909 3708 974 3770 illis
997 3708 1171 3790 opulentia
1190 3721 1253 3784 est,
1274 3720 1310 3775 et

189 3798 298 3863 adhuc
313 3801 414 3863 annui
427 3802 554 3864 reditus
570 3802 624 3883 qui
641 3802 805 3878 immensi,
820 3822 859 3865 ac
877 3802 1085 3866 thesauraria
1100 3802 1201 3885 plena
1216 3823 1308 3879 auro,

189 3902 336 3975 argento
351 3904 386 3957 et
405 3893 571 3977 lapidibus
587 3897 752 3977 pretiosis.
797 3894 914 3960 Simile
929 3897 1114 3960 dominium
1131 3897 1310 3962 barbarum

189 3988 312 4053 insidet
326 3989 436 4052 adhuc
455 3990 576 4052 animis
594 3988 736 4071 plurium
756 4010 882 4066 eorum,
903 4001 938 4055 et
957 3992 1054 4054 unice
1075 4011 1134 4074 per
1153 3992 1309 4055 timorem
1415 4026 1418 4035 ·

186 4078 337 4163 jadlurae
360 4082 440 4164 ejus,
464 4084 491 4145 si
522 4082 610 4146 ultra
634 4082 757 4147 limites
780 4083 988 4159 extenditur,
1012 4094 1197 4148 coercetur.
1242 4084 1309 4149 Sed

190 4177 242 4239 cui
260 4177 333 4239 usui
352 4170 430 4240 sunt
450 4178 539 4242 tanti
554 4177 691 4253 reditus,
710 4176 857 4241 thesauri
876 4188 911 4240 et
931 4179 1173 4260 possessiones,
1191 4180 1253 4241 nisi
1272 4189 1309 4243 ut

190 4290 233 4332 ex
256 4268 323 4333 illis
347 4268 547 4334 delicientur
569 4281 604 4335 et
628 4271 834 4353 superbiant,
854 4292 893 4336 ac
918 4282 955 4335 ut
978 4273 1189 4335 dominatum
1213 4294 1308 4337 suum

189 4364 223 4426 in
241 4374 419 4428 aeternum
435 4362 578 4429 firment.
624 4364 680 4428 Ex
698 4365 749 4429 his
762 4374 921 4430 constare
937 4376 1063 4449 potest,
1080 4368 1159 4449 quid
1178 4367 1230 4430 hic
1250 4388 1310 4450 per

192 4462 428 4523 “mercatores
452 4468 572 4536 terrae,
592 4460 648 4543 qui
670 4481 715 4523 ex
738 4458 955 4524 facultatibus
977 4459 1172 4524 deliciarum
1196 4460 1309 4542 Baby-

192 4548 276 4615 lonis
292 4553 393 4616 ditati
409 4552 518 4628 sunt,''
533 4552 749 4637 significatur.
794 4552 974 4619 Vocantur
989 4556 1092 4619 etiam
1111 4560 1310 4619 “mercato-

191 4646 265 4709 res”
283 4647 373 4731 apud
392 4646 557 4731 Esojom:
