3384 5400
502 703 581 753 ene.
598 702 688 762 xlx,
705 703 807 753 vetes.
828 704 954 753 11.—n'.
971 693 1042 753 820.
1272 706 1332 775 725

274 870 374 952 819.
402 868 708 959 ‘lumbostimonium
717 868 1332 952 borusstspirituspnopbotiuo,”signi-

208 962 292 1028 ficat
311 964 402 1046 quod
414 963 556 1046 Agnitio
573 964 663 1045 quod
678 963 842 1027 Dominus
860 964 908 1027 sit
925 963 1014 1027 Deus
1035 962 1132 1029 Coeli
1145 973 1178 1025 et
1201 963 1332 1037 Terrae,

208 1069 243 1121 et
265 1060 369 1122 semul
392 1058 469 1122 Vito
490 1060 665 1122 semndum
682 1068 860 1140 praecepta
883 1058 1006 1139 Ipsius,
1025 1058 1072 1123 sit
1093 1058 1127 1122 in
1150 1058 1337 1123 uniuersali

208 1174 310 1216 sensu
337 1174 431 1216 omne
463 1153 565 1216 Verbi
589 1163 622 1215 et
649 1153 828 1216 Dobirinae
856 1147 1048 1217 inde-Per
1071 1154 1333 1217 “testimonium

207 1248 313 1329 Jesu”
328 1246 536 1330 significatur
551 1249 692 1311 testatio
708 1248 845 1311 Domini
865 1248 897 1311 in
914 1247 1028 1323 Caelo,
1046 1249 1136 1331 quod
1152 1249 1195 1312 sit
1213 1248 1331 1329 Ipsius,

208 1352 244 1406 et
269 1344 316 1405 sic
340 1341 429 1425 quod
456 1344 500 1405 sit
526 1343 560 1405 In
583 1341 689 1405 Caelo
714 1361 806 1404 unus·
823 1342 912 1406 inter
937 1341 1079 1424 angelos
1101 1342 1165 1419 ibi;
1198 1353 1232 1405 et
1256 1343 1333 1424 quia

208 1439 353 1500 testatio
372 1437 429 1499 ilia
448 1456 515 1500 non
534 1436 605 1499 dari
624 1446 739 1519 potest
757 1436 830 1499 aliis
849 1456 949 1520 quam
968 1438 1024 1519 qui
1042 1438 1076 1500 in
1095 1434 1333 1517 conjunb‘tione

208 1550 286 1594 cum
311 1532 459 1594 Domino
485 1542 575 1607 sunt,
598 1543 633 1597 et
662 1532 695 1593 in
722 1528 958 1612 conjunbtione
982 1550 1057 1595 cum
1083 1531 1231 1595 Domino
1253 1542 1332 1595 sunt

206 1624 256 1687 illi
275 1626 331 1707 qui
350 1636 541 1707 agnoscunt
561 1626 674 1708 Ipsum
698 1645 759 1708 pro
781 1626 858 1691 Deo
876 1624 970 1689 Caeli
988 1636 1023 1690 et
1042 1625 1178 1700 Terrae,
1198 1637 1235 1689 ut
1255 1626 1332 1709 Ipse

208 1719 324 1791 docet,
347 1718 471 1782 Mottb.
494 1721 612 1782 xxviii.
641 1720 687 1796 18,
707 1728 743 1783 et
765 1719 863 1783 simul
886 1721 1004 1783 vivunt
1027 1720 1211 1783 secundum
1235 1740 1331 1802 prae·

208 1823 312 1895 cepta
332 1813 450 1895 Ipsius,
465 1814 626 1895 imprimis
640 1814 825 1877 secundum
850 1822 1032 1893 praecepta
1056 1811 1234 1893 Decalogi,
1254 1812 1331 1875 ideo

206 1906 293 1971 haec
319 1908 386 1971 duo
412 1928 471 1990 per
495 1909 756 1971 “testimonium
783 1908 885 1990 Jesu”
907 1907 1138 1989 significantur
1163 1906 1332 1991 (videatur

207 2022 321 2084 supra,
342 2022 373 2064 n.
391 2002 422 2076 6,
441 2001 541 2083 490):
565 2022 625 2085 per
642 2002 733 2085 quod
753 2001 835 2066 illud
854 2004 1085 2067 testimonium
1104 2004 1148 2066 sit
1169 2004 1332 2084 “spiritus

207 2096 438 2178 prophetiae,”
449 2096 656 2179 significatur
667 2097 757 2180 quod
773 2097 807 2159 id
819 2098 864 2160 sit
876 2116 976 2159 omne
989 2096 1094 2159 Verbi
1110 2107 1145 2160 et
1158 2095 1331 2162 dobtrinae

206 2190 307 2268 inde;
332 2188 484 2255 Verbum
502 2192 592 2254 enim
610 2192 644 2253 in
663 2192 842 2254 universali
861 2210 961 2254 sensu
979 2190 1088 2254 solum
1108 2192 1179 2273 agit
1196 2192 1239 2254 de
1259 2192 1330 2255 Do-

207 2285 312 2358 mino,
340 2294 375 2347 et
402 2284 445 2347 de
474 2284 555 2347 Vita
582 2286 766 2348 secundum
794 2296 976 2368 praecepta
1003 2285 1120 2368 Ipsius.
1166 2286 1250 2348 Inde
1278 2297 1330 2350 est

206 2379 299 2461 quod
317 2378 482 2442 Dominus
494 2380 537 2443 sit
551 2378 702 2443 Verbum
715 2400 722 2457 ;
744 2390 796 2443 est
809 2381 899 2444 enim
914 2379 1075 2453 Verbum,
1089 2380 1167 2462 quia
1179 2379 1330 2443 Verbum

207 2492 254 2537 ex
275 2474 355 2556 Ipso
372 2484 436 2547 est,
452 2484 488 2537 et
507 2474 550 2537 de
569 2474 649 2556 Ipso
666 2472 749 2538 Solo
766 2477 850 2556 agit,
871 2485 906 2539 et
925 2476 1021 2537 unice
1039 2475 1140 2537 docet
1159 2474 1331 2557 quomodo

206 2567 447 2650 agnoscendus
462 2578 498 2633 et
511 2568 673 2632 colendus
685 2579 758 2646 est;
778 2580 813 2633 et
829 2570 913 2633 haec
927 2579 1005 2633 sunt
1019 2579 1200 2651 praecepta
1212 2568 1329 2641 Verbi,

207 2684 295 2746 quae
314 2674 480 2729 vocantur
499 2664 621 2729 Divina
640 2663 742 2739 Vera,
760 2664 943 2730 secundum
959 2684 1044 2748 quae
1061 2664 1241 2728 vivendum
1265 2674 1329 2739 est,

206 2770 246 2823 ut
269 2762 303 2822 in
327 2757 598 2840 conjunbtionem
621 2779 697 2822 cum
722 2760 870 2823 Domino
893 2757 1032 2823 venirem
1056 2759 1172 2841 possit.
1229 2758 1331 2841 Quod

207 2854 362 2919 Verbum
380 2853 525 2918 deSolo
544 2854 692 2918 Domino
710 2864 802 2937 agat,
819 2865 855 2919 et
875 2855 964 2938 quod
984 2854 1063 2917 inde
1081 2855 1124 2918 sit
1143 2856 1234 2937 quod
1259 2854 1330 2919 Do·

207 2951 319 3012 minus
337 2949 469 3013 dicatur
487 2949 650 3023 Verbum,
671 2951 825 3013 videatur
842 2951 876 3013 in
895 2949 1058 3012 Dobtrino
1076 2948 1193 3012 Novae
1209 2949 1330 3013 Hiero·

206 3044 353 3126 solymae
380 3045 421 3106 de
446 3043 587 3107 Domino
618 3044 664 3127 (n.
696 3059 763 3125 1-7,
791 3047 884 3117 8-11,
916 3046 1025 3125 19-28,
1055 3045 1194 3126 37—44);
1231 3054 1267 3108 et
1297 3045 1330 3108 in

206 3139 371 3202 Dobirina
385 3138 502 3202 Nouae
515 3139 765 3220 Hierosolymoe
778 3139 819 3202 de
833 3139 1011 3220 Scriptura
1027 3138 1134 3202 Socra
1151 3138 1197 3220 (n.
1214 3141 1329 3220 80-90,

208 3232 362 3315 98-100).
408 3233 484 3297 Hoc
504 3254 636 3317 quoque
654 3245 707 3297 est
726 3234 816 3317 quod
836 3234 1001 3297 Dominus
1020 3234 1111 3310 dicit,
1131 3235 1221 3316 quod

258 3381 373 3444 Spiritus
385 3381 519 3439 Veritatis,
534 3382 578 3445 qui
595 3390 637 3430 est
651 3381 764 3444 Spiritus
777 3378 899 3439 Sentius,
915 3389 1058 3430 testaturus
1070 3381 1105 3430 sit
1117 3381 1149 3430 de
1163 3380 1289 3440 Domino,
1303 3389 1330 3430 et

341 3447 411 3510 quod
430 3461 484 3495 non
503 3447 638 3496 locuturus
650 3448 685 3496 sit
697 3462 730 3496 ex
747 3461 777 3496 se
795 3447 862 3509 ipso,
877 3447 924 3496 sed
936 3447 1006 3509 quod
1025 3461 1057 3495 ex
1075 3445 1127 3495 iliis
1140 3459 1206 3510 quae
1220 3445 1330 3496 Domini

341 3523 404 3562 sunt
423 3523 580 3576 accepturus
599 3514 642 3572 sit,
662 3523 690 3562 et
709 3514 916 3562 annuntiaturus
936 3512 1012 3577 (Joi.
1024 3526 1067 3562 xv.
1080 3513 1129 3572 26;
1152 3512 1328 3575 cap.xvi.13,

345 3581 393 3638 ις).

269 3715 370 3780 82⁰.
395 3725 481 3793 [νεα.
496 3723 549 3791 ru]
576 3713 640 3777 ‘fr
664 3713 722 3776 ridi
743 3712 869 3777 boeium
894 3719 1042 3794 oportum,
1068 3719 1102 3776 et
1126 3732 1205 3776 eoos
1228 3712 1332 3796 Equus

210 3805 335 3877 ulbus,''
345 3803 516 3886 significat
533 3803 675 3867 Sensum
688 3803 905 3886 spiritualem
928 3803 1030 3867 Verbi
1042 3825 1065 3866 a
1079 3803 1222 3866 Domino
1236 3825 1329 3866 reue·

209 3897 324 3972 latum,
341 3907 374 3960 et
386 3906 454 3978 per
468 3896 509 3959 id
520 3895 717 3959 tutellebtum
739 3895 841 3960 Verbi
853 3895 1044 3958 interiorem
1059 3895 1227 3972 detetium,
1245 3896 1333 3978 quod

208 4003 260 4056 est
274 3992 450 4055 Adventus
464 3990 715 4055 Domini—Per
728 3993 864 4054 “visum
877 3989 1018 4055 Caelum
1035 4000 1188 4073 apertum
1194 3989 1212 4016 ''
1224 3991 1329 4071 signi-

209 4085 330 4150 ficatur
351 4085 516 4149 revelatio
542 4105 562 4147 a
589 4085 737 4148 Domino
763 4095 798 4148 et
824 4096 906 4148 tunc
934 4086 1173 4159 manifestatio,
1198 4086 1241 4148 de
1264 4104 1330 4167 qua

209 4183 379 4264 sequitur,
410 4200 470 4262 per
498 4179 671 4262 “equum''
697 4179 906 4261 significatur
932 4176 1125 4242 intellebtus
1153 4177 1269 4253 Verbi,
1294 4189 1329 4242 et

209 4296 269 4358 per
285 4275 449 4358 “Equum
466 4273 603 4336 album”
618 4271 811 4337 intelleEius
827 4272 933 4336 Verbi
952 4275 1090 4336 interior
1109 4271 1155 4354 (n.
1172 4273 1248 4355 298)
1262 4295 1269 4352 ;
1293 4284 1329 4337 et

210 4372 287 4453 quia
309 4371 374 4432 hoc
398 4388 458 4451 per
478 4367 642 4450 “Equum
660 4367 797 4431 album”
815 4365 1033 4449 significatur,
1054 4377 1090 4430 et
1113 4365 1238 4430 Sensus
1261 4369 1329 4450 spi·

209 4465 338 4528 ritualis
357 4473 411 4527 est
434 4458 628 4526 inteliec'tus
647 4461 752 4525 Verbi
774 4463 923 4536 interior,
944 4461 1021 4524 ideo
1044 4461 1101 4524 ille
1125 4459 1250 4524 Sensus
1271 4481 1330 4544 per

212 4556 374 4641 “Equum
397 4555 535 4620 album”
557 4557 610 4619 hic
634 4555 851 4638 significatur.
897 4554 997 4637 Quod
1024 4556 1057 4619 id
1080 4557 1123 4618 sit
1147 4554 1329 4618 Adventus

211 4651 358 4730 Domini,
376 4660 430 4716 est
446 4651 523 4734 quia
538 4671 597 4734 per
612 4649 707 4714 illum
726 4649 869 4715 Sensum
889 4650 1066 4714 manifeste
1081 4659 1223 4733 apparet
1239 4647 1328 4732 quod
