3384 5400
531 688 611 739 cnu.
629 690 701 749 xx.‚
720 690 821 739 vans
843 690 968 759 12‚—.u.
986 676 1055 741 866.
1290 677 1354 759 769
1458 720 1460 725 .

230 856 358 922 Caelos
374 856 568 944 dissipavit:
592 858 682 939 quod
700 856 824 929 fastum
840 868 893 922 est
913 880 954 922 eo
972 858 1085 932 modo,
1102 857 1191 941 quod
1210 868 1356 922 externa
1371 935 1374 943 Ι

229 972 294 1034 per
316 972 403 1035 quae
425 952 628 1016 simulabant
651 952 871 1026 Christianos,
892 952 1107 1026 auferrentur.
1132 962 1167 1016 et
1191 954 1280 1034 quod
1304 954 1354 1016 in·
1440 1000 1443 1008 -

229 1055 344 1121 terna,
366 1047 400 1109 in
429 1047 548 1128 quibus
574 1058 671 1109 erant
695 1046 829 1121 diaboli,
854 1048 1080 1129 aperirentur;
1114 1057 1149 1111 et
1180 1057 1260 1110 tunc
1293 1048 1354 1110 visi

228 1151 312 1204 sunt
336 1140 452 1223 quales
475 1151 571 1205 erant
592 1142 634 1203 in
664 1162 710 1213 se,
734 1152 769 1206 et
800 1142 855 1223 qui
878 1142 938 1204 visi
962 1152 1039 1205 sunt
1062 1141 1187 1205 diaboli
1210 1138 1355 1222 conjefti

227 1245 313 1299 sunt
332 1237 366 1298 in
385 1235 565 1309 Internum,
586 1236 724 1318 quisque
742 1236 926 1299 secundum
946 1236 1034 1299 mala
1053 1257 1132 1299 suae
1150 1238 1262 1299 vitae:
1289 1236 1354 1300 hoc

227 1328 360 1393 fastum
375 1339 426 1393 est
443 1328 549 1391 Anno
568 1345 665 1409 1757:
692 1331 753 1393 sed
771 1331 866 1413 plura
882 1332 924 1393 de
947 1331 1012 1393 hoe
1027 1330 1157 1411 Judicio
1177 1331 1354 1393 universali

226 1424 388 1487 videatur
399 1424 432 1487 in
449 1422 622 1505 Opusculo
633 1424 684 1486 De
702 1424 825 1488 Ultimo
836 1425 973 1499 Judictb
989 1424 1134 1488 Londini
1154 1425 1232 1505 1758
1248 1425 1353 1499 edito,

227 1528 266 1582 et
287 1519 321 1580 in
344 1515 594 1582 continuatum
609 1519 650 1581 de
666 1518 733 1592 illo,
753 1518 1006 1582 Amstelodami
1028 1518 1105 1600 1763
1125 1519 1227 1582 edita.

297 1612 397 1677 Nunc
430 1613 473 1675 ad
507 1612 805 1694 Explicationem:
842 1614 903 1676 Per
934 1613 1137 1676 “Thronum
1169 1613 1284 1677 album
1317 1624 1353 1678 et

228 1726 408 1788 magnum,
438 1716 474 1770 et
496 1705 688 1769 ¹Sedeutem
719 1728 819 1789 super
848 1707 929 1770 illo''
952 1706 1160 1789 significatur
1189 1708 1353 1788 Judicium

226 1801 421 1864 universale
440 1822 461 1863 a
480 1801 628 1864 Domino
651 1798 796 1865 laetum:
822 1822 881 1884 per
901 1801 1127 1865 “Thronum''
1146 1801 1354 1883 significatur

226 1896 375 1960 Caelum
410 1902 445 1959 et
475 1915 614 1977 quoque
648 1896 814 1976 Judicium
853 1894 899 1977 (n.
918 1896 1014 1977 229);
1050 1917 1108 1978 per
1139 1894 1354 1960 “Sedentem

225 2011 333 2073 super
363 1989 525 2053 Throno'’
546 1988 747 2071 intelligitur
777 1990 943 2053 Dominus
975 1988 1022 2071 (n,
1046 1991 1107 2053 808
1133 1988 1226 2071 fin.):
1262 1992 1353 2073 quod

226 2086 391 2148 Thronus
414 2086 604 2166 apparuerit
628 2084 781 2159 “albus’'
800 2094 853 2148 est
876 2086 953 2167 quia
972 2084 1130 2165 judicium
1153 2082 1277 2148 latium
1301 2096 1354 2149 est

225 2202 276 2244 ex
295 2180 426 2242 Divinis
437 2180 535 2252 veris,
550 2178 691 2242 “album
700 2179 715 2203 ”
727 2180 816 2242 enim
833 2180 1045 2262 praedicatur
1061 2180 1202 2243 deveris
1220 2177 1267 2261 (n.
1284 2178 1353 2259 167,

228 2272 333 2355 379);
366 2273 455 2355 quod
478 2272 636 2336 Thronus
659 2275 849 2355 apparuerit
870 2274 1073 2355 “magnus’'
1093 2284 1145 2337 est
1169 2276 1247 2355 quia
1266 2273 1353 2355 judi-

227 2370 321 2433 cium
344 2370 447 2431 etiam
471 2364 594 2431 fat'tum
619 2377 671 2430 est
691 2388 735 2430 ex
756 2368 880 2432 Divino
903 2367 1010 2442 Bono,
1032 2372 1051 2400 ‘⁴
1061 2388 1221 2449 magnum
1231 2366 1246 2393 ''
1264 2369 1353 2431 enim

227 2463 447 2546 praedicatur
476 2462 518 2525 de
548 2463 638 2526 bono
667 2460 714 2543 (n.
736 2461 809 2542 656,
832 2461 931 2544 663):
965 2466 1014 2523 “a
1037 2461 1136 2542 Cujus
1159 2461 1242 2525 facie
1268 2462 1354 2543 sugit
1462 2492 1467 2495 ·

227 2559 341 2621 Terra
363 2567 398 2619 et
422 2556 586 2620 Caelum”
608 2555 775 2638 significat
798 2558 889 2638 quod
912 2554 1005 2619 Caeli
1032 2556 1089 2629 illi,
1113 2576 1197 2637 quos
1221 2554 1282 2619 sibi
1305 2556 1353 2619 fe·

227 2661 363 2726 corant,
383 2651 426 2715 de
448 2652 567 2734 quibus
591 2671 673 2714 mox
697 2671 807 2733 supra,
830 2670 906 2714 cum
932 2651 1030 2714 terris
1053 2669 1179 2724 eorum,
1200 2650 1354 2733 dissipati

226 2750 322 2823 sint;
355 2756 432 2808 sunt
455 2747 545 2808 enim
572 2747 604 2808 in
628 2746 754 2807 mundo
777 2744 940 2826 spirituali
964 2764 1069 2826 aeque
1093 2754 1212 2816 terrae,
1236 2764 1353 2826 quem·

226 2840 417 2907 admodum
440 2841 474 2903 in
498 2841 624 2902 mundo
647 2839 791 2902 naturali
816 2839 985 2920 (videatur
1016 2861 1047 2903 n.
1061 2841 1132 2914 260,
1148 2839 1270 2924 331¹¹¹);
1294 2840 1353 2903 sed

226 2939 321 3000 sicut
344 2937 458 2997 omnia
484 2935 538 3009 ibi,
562 2936 664 2997 etiam
688 2944 808 3005 terrae.
832 2944 911 2997 sunt
941 2955 986 2996 ex
1017 2934 1146 3014 origine
1169 2933 1351 3015 spirituali:

228 3043 267 3095 et
287 3029 411 3092 “locus
427 3048 495 3091 non
513 3030 670 3091 inventus
689 3038 740 3091 est
759 3026 856 3102 illis‚”
872 3026 1039 3109 significat
1056 3027 1145 3108 quod
1165 3026 1257 3090 Caeli
1277 3047 1353 3089 cum

228 3124 334 3190 terris
356 3143 472 3186 eorum
494 3123 542 3185 ita
564 3143 697 3204 prorsus
720 3123 872 3204 dissipati
895 3123 963 3184 sint
986 3130 1023 3183 ut
1047 3120 1128 3182 nihil
1151 3140 1265 3183 eorum
1281 3141 1353 3183 am-

228 3220 322 3303 plius
345 3228 533 3300 appareret.
577 3217 633 3279 Ex
657 3219 707 3279 his
730 3227 886 3280 constare
910 3225 1034 3298 potest,
1059 3215 1148 3297 quod
1176 3234 1235 3296 per
1259 3215 1354 3277 “vidi

229 3314 412 3378 Thronum
431 3311 543 3375 album
563 3321 597 3374 et
616 3331 788 3392 magnum.
805 3322 839 3374 et
860 3310 1044 3374 Sedentem
1063 3328 1162 3390 super
1179 3329 1232 3383 eo,
1249 3329 1268 3372 a
1288 3308 1354 3372 Cu·

226 3409 285 3491 jus
308 3406 392 3470 facie
410 3406 494 3486 fugit
513 3404 619 3468 Terra
636 3416 671 3468 et
695 3405 845 3475 Caelum,
863 3413 897 3466 et
922 3405 1015 3467 locus
1034 3423 1102 3466 non
1121 3403 1278 3466 inventus
1301 3414 1354 3466 est

230 3501 332 3576 illis‚”
358 3499 564 3581 significetur
592 3499 756 3581 Judicium
787 3498 973 3562 universale
1003 3519 1023 3560 a
1053 3497 1201 3561 Domino
1230 3495 1354 3561 laetum

229 3616 336 3678 super
359 3614 477 3658 omnes
503 3593 658 3676 prioresl'l
680 3594 792 3657 caelos
818 3613 917 3675 super
939 3592 1058 3674 quibus
1084 3592 1216 3654 fuerunt
1240 3593 1294 3674 qui
1321 3593 1355 3654 in

229 3693 329 3755 bono
347 3687 434 3751 civili
457 3699 492 3750 et
512 3688 629 3750 morali
648 3698 683 3751 et
705 3689 739 3750 in
759 3687 852 3750 nullo
868 3686 1029 3769 spirituali
1048 3695 1156 3759 erant,
1177 3687 1224 3749 ita
1242 3687 1298 3769 qui
1321 3688 1355 3750 in

230 3784 389 3850 externis
407 3782 611 3847 simulabant
631 3781 850 3854 Christianos,
870 3780 930 3845 sed
952 3781 985 3844 in
1009 3782 1149 3844 internis
1167 3791 1263 3844 erant
1283 3781 1354 3844 dia·

231 3878 327 3954 boli;
358 3877 414 3959 qui
444 3876 529 3941 caeli
559 3895 636 3939 cum
666 3887 755 3939 terra
784 3895 900 3939 eorum
924 3895 1059 3958 prorsus
1081 3876 1234 3956 dissipati
1265 3883 1354 3948 sunt,

230 3974 324 4038 adeo
342 3982 379 4034 ut
398 3971 480 4034 nihil
498 3991 614 4034 eorum
633 3970 775 4052 amplius
794 3980 981 4053 appareret.

297 4067 402 4132 866.
428 4079 440 4144 [
448 4079 513 4127 Vm.
528 4077 581 4144 ra]
607 4067 672 4129 “ft
685 4067 743 4128 ridi
752 4073 899 4138 manuos,
911 4085 1023 4148 parvos
1037 4072 1221 4148 aimoynus,
1235 4071 1357 4129 stanles

232 4176 345 4221 uorum
365 4156 464 4228 ooo,''
483 4154 651 4237 significat
673 4177 783 4220 ornnes
807 4157 869 4237 qui
895 4177 912 4218 e
939 4157 1044 4220 terris
1067 4155 1193 4218 mortni
1213 4163 1302 4228 sunt,
1325 4165 1357 4216 et

232 4269 321 4314 reunc
350 4248 436 4310 inter
465 4246 540 4309 illos
572 4247 632 4328 qui
660 4247 694 4308 in
723 4247 849 4310 Mundo
875 4247 1067 4328 ,spirituum
1097 4269 1140 4309 ex
1167 4267 1357 4329 quacunque

232 4342 419 4407 conditione
448 4351 480 4403 et
514 4341 683 4423 qualitate,
717 4364 738 4404 a
770 4341 911 4404 Domino
942 4351 1154 4423 congregatos
1190 4339 1239 4404 ad
1258 4341 1355 4422 judi·

232 4435 439 4502 cium—Per
458 4443 638 4500 “mortuos
646 4436 667 4469 ”·
680 4435 911 4518 significantur
929 4457 1047 4500 omnes
1066 4436 1120 4518 qui
1139 4457 1158 4498 e
1177 4435 1274 4498 terris
1292 4455 1355 4498 ex-

233 4540 427 4604 cesserunt,
451 4550 509 4593 seu
537 4531 594 4613 qui
623 4531 734 4612 quoad
758 4551 878 4612 corpus
901 4531 1022 4594 mortui
1053 4539 1142 4603 sunt,
1167 4529 1208 4592 de
1238 4529 1357 4611 quibus

233 4626 335 4710 plura
352 4624 436 4687 infra
447 4645 456 4702 ;
479 4645 537 4707 per
555 4631 704 4708 “parvos
723 4634 758 4688 et
778 4643 922 4707 magnos
931 4625 945 4647 '’
962 4623 1192 4707 significantur
1207 4643 1252 4686 ex
1272 4642 1353 4704 qua-
