3384 5400
543 697 622 748 cnr.
639 697 874 761 xv111.,vsns.
895 699 1021 750 ra-n.
1037 700 1108 769 774.
1320 687 1382 772 675

260 868 379 934 similis
399 861 457 934 res'
475 890 550 934 cum
573 869 624 934 his
647 879 710 944 est,
729 890 815 954 quae
838 890 915 936 cum
937 872 1111 953 prioribus,
1130 892 1198 936 non
1212 867 1305 954 'opus
1328 885 1381 938 est

261 965 420 1029 ulteriore
442 964 683 1047 explicatione,
702 985 802 1048 quam
825 987 911 1048 quae
934 967 967 1028 in
991 967 1215 1049 praecedente
1238 967 1382 1032 articulo

260 1057 352 1123 sacta
374 1068 436 1122 est.
495 1058 584 1140 Quid
608 1060 640 1122 in
665 1061 776 1142 specie
800 1060 972 1141 “byssus”
994 1060 1171 1142 significat,
1196 1061 1325 1126 dicetur
1348 1063 1391 1126 in-

263 1163 428 1236 sequente
446 1155 568 1237 capite,
588 1155 631 1217 ad
650 1154 733 1217 haec
752 1154 815 1217 ibi:

374 1303 391 1326 ‘⁸
400 1301 544 1366 Byssinum
557 1311 620 1352 sunt
630 1302 748 1366 institiae
761 1299 938 1352 sanctoruffl
950 1301 1030 1365 (vers.
1042 1304 1073 1364 ὃς
1091 1318 1118 1354 n.
1130 1305 1186 1365 814,
1199 1303 1273 1368 815);

260 1441 353 1525 quod
373 1447 392 1484 ³⁴
402 1461 545 1524 purpura
553 1440 568 1466 ”
587 1439 753 1522 significet
775 1442 901 1505 bonum
921 1441 1080 1518 caeleste,
1100 1453 1135 1506 et
1155 1445 1360 1508 “coccinum
1368 1445 1384 1472 ”

259 1555 377 1599 verum
403 1535 562 1611 caeleste,
590 1537 743 1599 videatur
770 1556 870 1618 supra
898 1535 945 1618 (n.
973 1536 1070 1617 725):
1102 1557 1160 1618 per
1189 1538 1384 1601 “sericum'’

260 1629 468 1712 significatur
490 1631 616 1694 bonum
638 1641 674 1694 et
696 1649 810 1694 verum
834 1630 982 1694 caeleste
1007 1631 1168 1705 medians,
1188 1634 1314 1695 bonum
1337 1653 1383 1696 ex

260 1724 404 1790 mollitie
426 1735 461 1788 et
484 1745 599 1788 verum
623 1746 666 1788 ex
691 1725 891 1806 splendore;
915 1726 1109 1788 nominatur
1131 1725 1240 1788 solum
1261 1725 1381 1791 Ezech.

259 1820 329 1882 xvi.
353 1834 467 1899 10,13.

321 1918 415 1994 774.
443 1912 508 1974 “fr
530 1930 617 1974 omne
640 1911 753 1995 lr'pnum
777 1909 910 1993 thyr'num
934 1916 969 1974 et
990 1929 1077 1974 omne
1103 1931 1157 1976 rus
1180 1912 1385 1986 eburneum,''

260 2003 428 2084 significat
445 2004 535 2086 quod
545 2003 624 2067 haec
637 2003 707 2067 illis
722 2023 785 2067 non
800 2002 946 2085 amplius
958 2004 1037 2078 sint,
1050 2005 1129 2086 quia
1144 2024 1207 2068 non
1222 2005 1292 2068 illis
1307 2015 1386 2069 sunt

259 2097 432 2162 naturalia
459 2098 542 2162 bona
564 2109 596 2162 et
616 2120 705 2175 vera,
730 2097 848 2180 quibus
875 2097 960 2161 talia
981 2099 1384 2180 correspondent-Haec

259 2191 381 2256 similia
403 2202 481 2256 sunt
509 2214 584 2258 cum
609 2192 685 2268 illis,
709 2213 795 2276 quae
818 2213 917 2275 supra
942 2191 988 2275 (n.
1012 2207 1084 2274 772,
1108 2194 1186 2276 773)
1210 2194 1384 2277 explicata

258 2296 350 2360 sunt,
369 2307 445 2350 cum
464 2286 537 2350 sola
556 2285 753 2362 differentia,
773 2287 864 2369 quod
887 2308 946 2369 per
969 2289 1111 2369 primum
1135 2289 1310 2351 nominata
1332 2289 1383 2351 in·

259 2380 459 2464 telligantur
470 2382 560 2447 bona
575 2391 611 2445 et
623 2402 703 2445 vera
715 2381 909 2463 spiritualia,
923 2382 966 2445 de
979 2382 1097 2464 quibus
1110 2402 1210 2463 supra
1224 2381 1270 2464 (n.
1284 2381 1361 2465 772)
1375 2403 1383 2461 ;

258 2486 296 2542 et
314 2477 404 2560 quod
427 2495 487 2558 per
509 2477 659 2539 secundo
681 2477 856 2539 nominata
878 2476 1113 2556 intelligantur
1135 2477 1225 2540 bona
1247 2486 1283 2540 et
1303 2497 1384 2540 vera

259 2571 431 2646 caelestia,
451 2571 631 2654 dequibus
650 2589 731 2634 mox
751 2590 850 2652 supra
871 2569 918 2652 (n.
934 2571 1033 2652 773);
1057 2580 1092 2633 et
1110 2571 1200 2652 quod
1220 2590 1280 2653 per
1297 2569 1382 2634 haec

259 2687 349 2731 nunc
371 2667 555 2741 nominata,
574 2685 660 2748 quae
683 2675 760 2728 sunt
782 2665 940 2750 “lignum
963 2665 1118 2746 thyinum
1142 2674 1177 2728 et
1200 2685 1260 2727 vas
1283 2664 1381 2730 ebur·

259 2760 386 2827 neum’'
412 2759 646 2842 intelligantur
672 2760 762 2823 bona
789 2770 824 2823 et
852 2780 932 2822 vera
959 2758 1134 2823 naturalia.
1179 2758 1265 2822 Sunt
1293 2760 1383 2823 enim

258 2866 330 2921 tres
353 2856 477 2937 gradus
499 2856 683 2936 sapientiae
706 2864 741 2917 et
763 2854 899 2930 amoris,
919 2863 954 2917 et
977 2854 1056 2917 inde
1079 2863 1147 2917 tres
1171 2854 1295 2936 gradus
1314 2854 1384 2918 veri

259 2962 297 3013 et
313 2952 412 3027 boni;
435 2950 559 3031 primus
578 2948 703 3030 gradus
718 2959 860 3012 vocatur
878 2947 1046 3022 caelestis,
1063 2949 1230 3011 secundus
1249 2948 1382 3030 spiritu-

259 3044 334 3117 alis,
351 3053 385 3107 et
405 3044 523 3107 tertius
543 3042 713 3105 naturalis.
760 3042 805 3105 Hi
821 3052 890 3105 tres
907 3041 1031 3123 gradus
1046 3052 1125 3104 sunt
1141 3062 1186 3105 ex
1203 3043 1383 3107 nativitate

259 3137 349 3221 apud
369 3138 624 3220 unumquemvis
646 3136 827 3211 hominem,
848 3146 882 3199 et
902 3156 1034 3219 quoque
1057 3146 1135 3199 sunt
1158 3136 1191 3198 in
1213 3136 1383 3200 communi

259 3235 295 3298 in
319 3231 423 3296 Caelo
446 3241 480 3294 et
503 3233 536 3294 in
560 3230 734 3309 Ecclesia3
772 3251 859 3313 quae
881 3250 983 3292 causa
1005 3240 1057 3293 est
1081 3229 1170 3312 quod
1197 3228 1291 3293 Caeli
1314 3241 1383 3295 tres

259 3329 340 3401 sint,
360 3344 561 3408 supremum,
582 3326 728 3389 medium
748 3334 782 3388 et
807 3325 973 3398 ultimum,
993 3325 1080 3387 inter
1102 3345 1139 3386 se
1161 3344 1295 3406 prorsus
1314 3326 1382 3389 dis·

259 3419 359 3486 tincti
378 3421 559 3484 secundum
580 3418 655 3483 illos
673 3419 818 3501 gradus;
842 3417 995 3481 similiter
1014 3417 1169 3481 Ecclesia
1192 3418 1329 3481 Domini
1349 3421 1383 3482 in

260 3516 378 3593 terris;
402 3515 461 3577 sed
480 3513 586 3597 qualis
606 3523 658 3577 est
676 3514 765 3595 apud
784 3512 861 3576 illos
879 3514 935 3596 qui
953 3514 987 3575 in
1006 3513 1113 3593 gradu
1132 3511 1272 3575 caelesti
1291 3524 1381 3588 sunt,

260 3621 297 3675 et
320 3609 427 3693 qualis
449 3608 538 3691 apud
561 3608 638 3672 illos
657 3610 713 3691 qui
734 3609 768 3671 in
792 3608 900 3689 gradu
922 3607 1085 3689 spirituali
1108 3615 1197 3679 sunt,
1217 3616 1252 3669 et
1275 3607 1383 3690 qualis

259 3706 349 3788 apud
373 3703 448 3767 illos
471 3704 526 3786 qui
553 3704 585 3765 in
612 3702 718 3784 gradu
740 3701 884 3765 naturali
907 3711 996 3775 sunt,
1021 3721 1088 3764 non
1105 3701 1211 3780 *hujus
1238 3701 1304 3766 loci
1329 3712 1383 3765 est

259 3818 445 3881 exponere,
469 3798 529 3861 sed
556 3797 775 3881 videatur-de
803 3794 868 3859 illis
895 3797 929 3862 in
956 3794 1130 3875 Sapientzb
1155 3794 1384 3877 Angelica·de

259 3892 385 3957 Divino
403 3892 529 3954 Amore
544 3902 577 3954 et
592 3890 719 3953 Divina
738 3890 921 3971 Sapientia,
938 3892 972 3952 in
988 3889 1106 3953 Classe
1123 3888 1250 3963 Tertia,
1267 3890 1322 3952 ubi
1340 3890 1384 3954 de

261 3986 429 4051 Gradibus
440 3983 553 4049 abtum
569 3994 643 4063 est;
664 3985 716 4048 hic
730 3985 851 4060 solum,
864 3985 954 4067 quod
971 3984 1058 4067 apud
1075 3983 1151 4047 illos
1164 3986 1219 4066 qui
1235 4004 1254 4047 e
1270 3983 1383 4065 Baby-

261 4083 341 4147 lone
364 4090 455 4155 sunt,
477 4100 544 4143 non
568 4081 635 4143 sint
660 4079 749 4142 bona
771 4089 806 4142 et
828 4099 909 4142 vera
931 4077 1125 4160 spiritualia,
1150 4098 1211 4140 nec
1235 4078 1325 4140 bona
1347 4088 1383 4141 et

260 4197 342 4240 vera
357 4175 527 4249 caelestia,
545 4185 580 4238 et
597 4174 788 4256 nequidem
808 4173 898 4236 bona
916 4182 951 4235 et
967 4194 1046 4235 vera
1062 4172 1236 4235 naturalia.
1282 4170 1383 4253 Quod

261 4269 445 4354 spiritualia
467 4270 576 4351 primo
598 4266 675 4332 loco
698 4268 923 4343 nominentur,
947 4276 1000 4330 est
1024 4266 1100 4349 quia
1123 4265 1219 4329 multi
1246 4287 1290 4328 ex
1319 4265 1384 4329 illis

261 4374 404 4449 possunt
428 4362 618 4445 spirituales
642 4382 726 4437 esse,
751 4362 853 4424 modo
876 4358 1031 4424 sanctum
1057 4361 1207 4423 habeant
1231 4360 1383 4423 Verbum

262 4459 375 4532 corde,
392 4459 478 4522 sicut
495 4477 552 4521 ore
568 4458 704 4534 dicunt;
727 4464 763 4519 at
783 4475 851 4518 non
870 4464 1011 4537 possunt
1028 4455 1194 4518 caelestes
1210 4454 1290 4531 fieri,
1307 4456 1385 4537 quia

262 4574 332 4618 non
350 4552 477 4616 adeunt
500 4551 693 4626 Dominum,
713 4550 772 4613 sed
795 4549 923 4613 adeunt
945 4549 1099 4613 homines
1118 4551 1212 4612 vivos
1235 4559 1270 4612 et
1293 4568 1383 4613 mor·

261 4658 350 4725 tuos,
374 4658 410 4711 et
437 4645 573 4725 colunt;
605 4645 688 4709 haec
716 4664 817 4709 causa
843 4654 906 4721 est,
930 4645 1020 4728 quod
1047 4644 1208 4709 caelestia
1233 4644 1384 4708 secundo
