3384 5400
370 667 435 752 706
694 676 940 729 nociturus
964 674 1174 725 auvecurt.

503 861 617 911 tuantur,
627 851 654 901 in
662 850 758 915 quibus
764 846 916 899 laborastis
922 845 1062 909 juventute
1069 852 1130 903 tua:
1143 843 1212 893 iorte
1220 850 1343 905 poterunt
1352 840 1485 905 prodesse.

503 919 572 968 iorte
590 916 714 967 terribilis
732 915 796 972 tias:
813 913 960 974 defatigata
976 926 1005 960 es
1023 910 1192 959 multitudine
1210 908 1313 957 consilii
1331 908 1377 957 tui.
1414 908 1487 955 Stent

502 992 574 1025 nunc
597 988 623 1025 et
646 986 755 1025 servent
778 986 804 1024 te
827 976 1016 1024 observatores
1036 976 1179 1031 caelorum.
1200 972 1353 1036 specstantes
1373 970 1486 1031 stellasll

503 1043 656 1091 divinantes
672 1042 698 1090 in
711 1056 827 1090 menses.
865 1040 933 1089 Ecce
950 1038 1013 1089 tacti
1032 1048 1095 1089 sunt
1107 1040 1175 1089 sicut
1187 1039 1292 1101 stipula,
1308 1039 1377 1100 ignis
1389 1037 1487 1087 adussit

502 1122 559 1164 eos,
569 1122 625 1155 non
635 1108 750 1169 eripient
758 1107 875 1155 animam
889 1121 904 1155 e
917 1120 998 1155 manu
1010 1106 1142 1154 flammae.
1179 1104 1259 1153 Tales
1271 1102 1334 1153 iacti
1347 1112 1411 1153 sunt
1422 1102 1487 1151 Mer·

502 1174 654 1299 aetpffivtitiri
662 1172 834 1297 zj-uxvgelffiute,
845 1172 956 1234 quisque
965 1185 981 1220 e
990 1172 1099 1233 regione
1108 1185 1157 1220 sua
1164 1171 1306 1229 aberravit,
1318 1184 1373 1219 uon
1383 1168 1486 1219 salvans

430 1380 529 1446 8⁰1.
555 1390 704 1457 [verear]
729 1379 793 1441 ‘fe
805 1380 836 1441 in
850 1398 889 1441 aa
900 1380 1028 1462 erupuit
1038 1380 1253 1461 prophetarum
1267 1384 1301 1443 ei
1312 1385 1487 1443 annulorum

319 1546 321 1549 Ι
369 1470 508 1532 inventur
517 1476 575 1542 eri,
583 1470 751 1532 alumniam
760 1470 932 1531 occisorum
940 1488 1035 1549 super
1043 1469 1343 1551 terra,''significat
1353 1468 1486 1552 quodex

370 1562 548 1643 Relegrhso,
561 1563 650 1645 quod
654 1573 718 1643 per
727 1569 746 1594 ⁴⁴
755 1562 875 1626 Urbem
887 1560 1085 1643 Babylonem
1093 1562 1107 1587 ”
1117 1560 1325 1643 intelligitur,
1337 1562 1384 1625 sit
1393 1560 1485 1624 adul-

371 1657 491 1720 teratio
507 1667 539 1720 et
551 1656 776 1738 prophanatio
792 1656 899 1719 omnis
917 1655 992 1719 veri
1014 1654 1115 1719 Verbi
1128 1665 1160 1718 et
1177 1655 1253 1718 inde
1269 1654 1443 1729 Ecclesiae,
1457 1662 1487 1716 et

369 1752 460 1833 quod
470 1751 547 1814 inde
560 1750 903 1829 emanaveritfalsum
918 1750 952 1812 in
968 1760 1070 1813 latrem
1084 1748 1318 1815 Christianum
1329 1750 1486 1813 orbem.-

372 1846 434 1909 Per
467 1844 716 1927 “sanguinem’'
748 1843 955 1926 significatur
987 1842 1185 1919 falsificatio,
1216 1843 1422 1908 adulteratio
1452 1853 1485 1905 et

370 1939 596 2022 prophanatio
625 1938 730 2004 Verbi
761 1939 808 2021 (n.
837 1956 908 2021 327,
938 1954 1008 2020 379,
1036 1938 1135 2021 684);
1168 1959 1227 2021 per
1255 1935 1485 2021 “prophetas''

370 2032 601 2115 significantur
618 2054 736 2097 omnes
754 2035 809 2115 qui
832 2036 865 2097 in
890 2034 1018 2096 Divinis
1037 2034 1123 2098 veris
1146 2054 1189 2095 ex
1210 2031 1326 2097 Verbo
1344 2043 1433 2107 sunt,
1451 2040 1484 2095 et

370 2126 541 2192 abstradle
563 2149 643 2191 vera
665 2126 838 2191 dolirinae
861 2148 904 2191 ex
929 2126 1046 2191 Verbo
1070 2126 1116 2210 (n.
1141 2130 1170 2203 8,
1197 2126 1290 2211 133);
1317 2128 1407 2211 quod
1430 2146 1484 2209 per

371 2220 559 2286 “sandius''
585 2222 815 2304 significentur
840 2224 897 2305 qui
923 2222 967 2285 ab
993 2220 1149 2285 Ecclesia
1177 2222 1313 2285 Domini
1340 2232 1428 2297 sunt,
1451 2231 1483 2283 et

370 2316 541 2382 abstrudie
564 2316 682 2381 sancia
703 2338 783 2381 vera
805 2316 980 2380 Ecclesiae
1003 2316 1051 2401 (n.
1079 2331 1148 2396 173,
1175 2316 1244 2397 586,
1267 2315 1366 2400 666>3
1397 2316 1482 2399 quod

369 2432 429 2495 per
449 2412 629 2475 “occisos'’
651 2409 881 2491 significentur
903 2412 959 2494 qui
981 2410 1197 2493 spiritualiter
1219 2411 1320 2474 occisi
1343 2421 1431 2484 sunt,
1450 2419 1483 2472 et

369 2506 459 2590 quod
482 2505 698 2588 spiritualiter
715 2506 815 2568 occisi
839 2506 995 2569 dicantur
1013 2506 1068 2587 qui
1091 2524 1150 2587 per
1172 2503 1256 2567 falsa
1278 2515 1419 2587 pereunt
1438 2502 1481 2584 (n.

369 2614 440 2679 325,
467 2610 502 2662 et
529 2599 607 2661 alibi
633 2598 792 2681 pluries),
830 2609 865 2662 et
892 2600 968 2681 quia
994 2619 1053 2681 per
1080 2598 1255 2661 “terram”
1281 2597 1482 2679 significatur

369 2693 535 2768 Ecclesia,
557 2715 616 2776 per
640 2701 785 2757 “omnes
808 2694 938 2757 occisos
961 2692 1094 2756 terrae”
1116 2692 1348 2775 significantur
1369 2711 1482 2756 omnes

368 2791 401 2851 in
421 2787 613 2852 Christiana
636 2787 790 2850 Ecclesia
806 2789 863 2870 qui
887 2809 946 2870 per
967 2786 1050 2850 salsa
1072 2789 1251 2870 perierunt,
1271 2789 1348 2870 quia
1367 2788 1480 2851 ialsum

368 2881 456 2963 apud
481 2881 555 2944 illos
578 2903 622 2944 ex
645 2881 704 2944 illo
727 2882 901 2962 Religioso
924 2883 1105 2946 emanavit.
1164 2883 1295 2946 Dicitur
1316 2884 1420 2948 etiam
1441 2881 1481 2943 de

367 2975 495 3039 Babele
512 2977 601 3058 apud
619 2975 805 3050 Jeremiam
822 2977 912 3058 quod

623 3121 664 3172 Ibi
677 3123 731 3173 sint
742 3123 861 3173 confossi
873 3125 961 3173 omnis
974 3132 1060 3175 terrae
1071 3123 1108 3188 (ii.
1120 3139 1160 3190 ⁴9·
1173 3123 1230 3189 52);

367 3255 404 3355 et
420 3247 509 3329 apud
527 3245 668 3331 Esayhm
685 3248 775 3330 quod

418 3361 575 3449 “Lucifer''
593 3390 637 3454 qui
658 3390 693 3440 ibi
714 3399 755 3440 est
777 3391 868 3451 Babei,
894 3395 1016 3442 “terram
1037 3407 1114 3443 suam
1136 3393 1286 3457 perdiderit,
1306 3403 1334 3446 et
1355 3394 1479 3460 populum

497 3470 574 3506 suum
587 3457 715 3506 occiderit
721 3457 735 3476 ”
747 3458 810 3519 (xiv.
822 3461 872 3520 πο).

367 3591 468 3676 Quod
487 3615 532 3656 ex
552 3593 726 3675 Religioso
750 3595 960 3677 Babylonico
978 3597 1209 3661 emanaverint
1232 3597 1327 3680 plura
1349 3598 1431 3662 laisa
1447 3597 1477 3659 in

366 3687 538 3752 Ecclesias
562 3687 845 3766 Reformatorum,
870 3689 1023 3754 videatur
1044 3711 1144 3775 supra
1168 3690 1215 3776 (n.
1234 3692 1323 3776 751),
1344 3693 1398 3756 ubi
1420 3712 1477 3756 ex·

365 3783 528 3864 plicatum
547 3792 599 3845 est
617 3783 707 3865 quod

417 3925 550 3985 “Mulier,
567 3940 646 3989 quam
667 3927 765 3986 vidisti,
783 3927 819 3978 sit
836 3929 909 3980 Urbs
927 3943 1026 3994 magna
1046 3930 1148 3980 habens
1164 3945 1276 3994 regnum
1296 3945 1377 3994 super
1395 3929 1477 3994 Reges

496 4004 582 4042 terrae
590 3991 604 4011 '¹
616 3992 703 4057 (Aper.
714 3993 777 4044 xvii.
790 3993 838 4058 18).

425 4192 525 4259 8⁰1·
553 4201 677 4266 Dicitur,
686 4205 767 4274 quod
776 4221 813 4259 ex
823 4204 983 4276 Religioso.
991 4206 1072 4276 quod
1082 4214 1157 4276 per‘⁴
1166 4206 1348 4278 Babylonem
1356 4201 1476 4262 urbem''

365 4272 548 4344 intelligitur,
561 4274 600 4328 sit
613 4275 792 4330 adulteratio
804 4285 836 4330 et
855 4277 1053 4346 prophanatio
1071 4278 1169 4332 omnis
1181 4279 1243 4332 veri
1256 4277 1347 4333 Verbi
1363 4289 1394 4332 et
1413 4277 1477 4332 inde

364 4342 565 4398 omniasancti
575 4343 738 4407 Ecclesiae;
751 4356 782 4399 et
790 4345 818 4399 in
826 4345 1072 4401 antecedentibus
1102 4347 1198 4410 lurica,
1206 4349 1286 4417 quod
1298 4347 1474 4420 Religiosum

364 4415 437 4468 illud
452 4430 511 4496 non
526 4415 617 4469 modo
630 4416 842 4470 adulteraverit
857 4417 936 4471 bona
948 4426 978 4472 et
990 4433 1060 4472 vera
1073 4363 1171 4480 ictui.
1185 4419 1236 4473 sed
1250 4419 1340 4474 etiam
1354 4419 1476 4490 propha-

363 4485 478 4539 naverit
488 4485 545 4546 illa,
554 4495 585 4538 et
592 4487 673 4555 quod
685 4486 753 4540 ideo
762 4493 778 4514 “
787 4486 878 4541 Babel
886 4487 901 4506 '¹
910 4488 939 4542 in
948 4487 1048 4542 Verbo
1057 4487 1205 4560 significet
1215 4505 1269 4560 pro
1291 4490 1476 4544 hauationent

363 4552 467 4608 santii.
505 4554 593 4609 Nunc
612 4555 735 4617 dicetur,
776 4558 910 4614 uomodo
932 4559 1130 4629 prophanatio
1152 4557 1202 4614 illa
1222 4559 1252 4614 ia
1321 4571 1366 4615 est
1387 4570 1418 4615 et
1438 4559 1475 4612 tit.

365 4623 485 4678 Didium
499 4636 544 4680 est
557 4641 653 4696 supra,
666 4627 747 4697 quod
791 4643 858 4683 mor
870 4629 1043 4684 dominandi
1057 4645 1094 4684 ex
1106 4645 1209 4687 amore
1221 4631 1267 4688 sui
1280 4645 1369 4702 super
1380 4627 1475 4685 sanda
