3384 5400
349 706 413 772 740
671 701 918 753 nrocnnvpsts
941 702 1152 753 REVELATA.

350 874 646 958 cupiscentiarum‚
670 892 756 955 quae
779 872 925 935 hominis
949 872 1083 955 propria
1104 882 1183 935 sunt
1210 868 1257 954 (n.
1281 870 1382 955 748):
1414 892 1471 955 per

352 968 496 1031 “satiari
514 966 602 1030 illis''
617 966 826 1048 significatur
841 967 937 1048 quasi
954 964 999 1029 ali
1018 966 1062 1029 ab
1080 965 1156 1041 illis,
1174 976 1210 1031 et
1229 986 1306 1030 cum
1322 964 1470 1031 ueletia-

350 1066 444 1127 tione
462 1062 635 1126 attrahere
653 1060 748 1138 illas3
772 1080 851 1125 nam
871 1060 962 1142 genii
980 1059 1169 1135 infernales,
1190 1081 1277 1142 quae
1299 1061 1333 1123 in
1356 1060 1470 1125 simili·

349 1160 413 1222 bus
430 1156 715 1239 concupiscentiis
738 1154 818 1219 mali
840 1165 931 1231 sunt,
951 1154 1050 1217 avide
1068 1156 1247 1219 attrahunt
1270 1165 1306 1218 et
1329 1154 1470 1237 implent

351 1273 460 1349 nares,
480 1261 516 1315 et
534 1252 612 1314 inde
631 1251 748 1325 vitam,
768 1270 814 1312 ex
832 1250 1116 1331 concupiscentiis
1135 1248 1306 1313 exhalatis
1325 1270 1371 1313 ex
1390 1270 1471 1331 cog·

350 1346 549 1411 itationibus
571 1354 607 1407 et
633 1344 910 1425 respirationibus
933 1342 1089 1423 illorum;
1121 1364 1223 1427 quare
1247 1345 1351 1407 etiam
1374 1342 1470 1407 simul

351 1442 481 1523 degunt
500 1448 536 1502 et
554 1438 766 1502 cohabitant.

414 1532 515 1616 838.
544 1532 673 1596 Caveat
706 1533 822 1616 itaque
854 1532 916 1595 sibi
948 1533 1087 1616 quisque
1120 1532 1164 1595 ab
1196 1532 1370 1596 haeretico
1403 1530 1469 1601 illo,

350 1628 442 1712 quod
459 1627 567 1690 Homo
573 1626 779 1710 Jitstificetur
797 1626 881 1690 Fide
898 1627 970 1690 sine
990 1626 1155 1708 Operibus
1173 1626 1274 1707 Legis
1282 1649 1297 1700 ,·
1321 1646 1401 1689 nam
1419 1626 1471 1707 qui

352 1734 406 1788 est
421 1723 455 1786 in
470 1722 541 1798 illo,
558 1732 594 1786 et
610 1740 679 1785 non
695 1721 797 1804 plene
812 1722 942 1785 recedit
958 1721 1002 1785 ab
1017 1720 1077 1785 illo
1092 1732 1276 1804 antequam
1292 1719 1368 1784 finis
1383 1721 1471 1783 vitae

352 1819 470 1890 instat,
490 1826 568 1899 post
592 1826 738 1880 mortem
757 1817 974 1880 consociatur
996 1816 1104 1897 geniis
1127 1815 1364 1893 infernalibus;
1395 1824 1471 1877 sunt

352 1913 443 1975 enim
463 1910 602 1987 “hirci’'
620 1910 802 1993 dequibus
821 1910 987 1973 Dominus
1006 1911 1099 1984 dicit,

405 2086 422 2108 ¹⁴
430 2083 564 2133 Discedite
575 2099 592 2133 a
604 2082 651 2133 Me
663 2080 798 2132 maledicti
809 2083 838 2131 in
850 2082 1091 2213 iffleffliternum
1104 2092 1225 2147 paratum
1240 2078 1380 2133 Diabotoffl
1389 2092 1416 2132 et
1426 2096 1471 2131 an·

484 2151 552 2214 gelis
563 2150 623 2213 ejus
630 2148 645 2169 ”
656 2148 764 2211 (Mani.
776 2162 837 2198 xxv.

353 2321 396 2384 de
421 2316 572 2384 “hircis”
594 2318 684 2382 enirn
709 2316 876 2380 Dominus
899 2336 967 2379 non
991 2316 1073 2380 dicit
1095 2316 1186 2399 quod
1209 2315 1300 2379 mala
1322 2314 1472 2389 iecerint,

353 2416 415 2479 sed
436 2414 526 2498 quod
550 2434 619 2477 non
641 2414 732 2476 bona
750 2412 911 2489 fecerint3
944 2413 1033 2495 quod
1054 2430 1122 2474 non
1141 2412 1232 2474 bona
1250 2410 1401 2486 iecerint,
1421 2422 1473 2474 est

353 2512 431 2593 quia
449 2508 497 2573 illi
519 2527 634 2571 secum
654 2507 782 2581 dicunt,
804 2505 913 2569 “Non
936 2526 1073 2589 possum
1097 2505 1222 2568 bonurn
1246 2505 1357 2569 lacere
1378 2526 1398 2569 a
1419 2526 1474 2570 me

353 2606 438 2687 ipso,
463 2603 521 2666 lex
545 2622 598 2666 me
621 2621 690 2664 non
713 2602 866 2675 damnat,
889 2600 1026 2682 sanguis
1049 2599 1174 2663 Christi
1197 2601 1340 2663 mundat
1363 2619 1417 2664 me
1439 2611 1474 2664 et

354 2701 476 2764 liberat
499 2718 564 2773 me,
585 2698 698 2780 passio
716 2696 823 2760 crucis
844 2686 981 2760 sustulit
999 2706 1130 2759 reatum
1154 2696 1297 2778 peccati,
1318 2696 1474 2760 meritum

355 2793 481 2858 Christi
499 2795 684 2875 imputatur
700 2791 780 2854 mihi
798 2810 858 2873 per
878 2791 1008 2865 Fidem,
1026 2809 1098 2852 sum
1116 2788 1354 2854 reconciliatus
1373 2791 1473 2864 Patri,

355 2891 388 2953 in
419 2889 540 2970 gratia,
564 2887 709 2969 aspicior
731 2886 819 2949 sicut
841 2885 939 2958 lilius,
963 2905 1002 2948 ac
1034 2893 1177 2967 peccata
1200 2895 1317 2948 nostra
1340 2895 1474 2969 reputat

355 2985 442 3047 sicut
458 2981 671 3045 infirmitates
687 3001 770 3063 quas
788 2978 880 3043 illico
896 2989 1034 3062 propter
1050 2979 1171 3042 Filium
1189 2975 1292 3041 Suum
1312 2979 1474 3057 remittit;

354 3081 402 3142 sic
418 3075 579 3160 justificat
601 3096 661 3158 per
679 3075 787 3138 solam
808 3073 938 3149 Fidem,
959 3093 1044 3156 quae
1064 3074 1125 3137 nisi
1144 3073 1231 3136 soret
1250 3075 1384 3137 unicum
1404 3093 1475 3138 me·

355 3173 447 3236 dium
460 3171 588 3245 salutis,
604 3189 705 3233 nemo
717 3167 911 3232 mortalium
924 3168 1046 3231 salvari
1062 3179 1199 3251 posset;
1223 3177 1361 3250 propter
1376 3189 1475 3252 quem

355 3265 456 3330 finem
470 3266 571 3329 alium
585 3265 690 3328 Filius
700 3263 764 3326 Dei
780 3272 954 3346 pateretur
966 3282 1111 3338 crucem,
1126 3272 1161 3327 et
1176 3263 1334 3346 impleret
1351 3263 1474 3346 legem,

356 3380 457 3443 quam
470 3369 507 3424 ut
518 3358 655 3424 tolleret
668 3358 924 3421 damnationem
937 3359 1244 3439 transgressionum
1258 3359 1476 3422 nostrarum.”

358 3453 455 3518 Haec
479 3463 514 3517 et
537 3453 633 3536 plura
653 3451 774 3516 similia
795 3470 911 3515 secum
931 3451 1047 3514 dicunt
1070 3451 1128 3525 illi,
1149 3461 1184 3515 et
1208 3454 1254 3516 sic
1279 3452 1369 3516 bona
1391 3473 1476 3536 quae

355 3550 447 3612 bona
469 3558 548 3612 sunt
572 3567 640 3609 non
670 3547 807 3622 faciunt,
831 3565 911 3608 nam
941 3567 987 3609 ex
1018 3545 1091 3609 sola
1114 3545 1247 3608 illorum
1272 3545 1367 3622 Fide,
1392 3566 1476 3630 quae

356 3664 426 3708 non
445 3654 498 3707 est
519 3643 581 3705 nisi
599 3661 700 3724 quam
719 3639 802 3704 fides
821 3641 1066 3722 cognitionum,
1087 3639 1121 3703 in
1144 3661 1180 3703 se
1202 3639 1287 3704 fides
1304 3641 1475 3715 historica,

356 3741 404 3804 ita
427 3737 537 3801 solum
560 3736 712 3811 scientia,
734 3753 803 3797 non
826 3734 1015 3817 procedunt
1038 3734 1150 3817 aliqua
1172 3735 1281 3812 bona;
1312 3745 1366 3799 est
1389 3737 1475 3800 enim

357 3833 441 3897 fides
459 3842 603 3905 mortua,
620 3831 654 3892 in
673 3849 774 3912 quam
793 3849 862 3892 non
878 3829 948 3892 vita
968 3849 1026 3894 seu
1042 3829 1155 3892 anima
1170 3829 1274 3905 venit,
1293 3829 1357 3892 nisi
1374 3830 1476 3893 homo

356 3927 553 3992 immediate
571 3925 643 3986 adit
667 3923 862 3998 Dominum,
882 3941 921 3986 ac
944 3922 1030 4004 fugit
1053 3923 1144 3986 mala
1167 3933 1204 3986 ut
1226 3932 1371 4005 peccata
1392 3925 1475 3987 sicut

356 4043 377 4086 a
395 4041 452 4099 se;
484 4030 565 4083 tunc
589 4019 680 4082 bona
702 4038 787 4100 quae
810 4018 916 4081 homo
937 4016 1017 4080 iacit
1040 4018 1127 4081 sicut
1150 4038 1169 4080 a
1192 4037 1239 4091 se,
1260 4028 1340 4081 sunt
1362 4039 1383 4081 a
1407 4017 1475 4081 Do·

357 4117 462 4192 mino,
481 4115 530 4178 ita
547 4115 581 4176 in
600 4133 637 4176 se
654 4113 767 4191 bona;
791 4112 833 4176 de
852 4132 918 4195 qua
936 4133 972 4174 re
990 4112 1039 4175 ita
1057 4112 1145 4194 apud
1164 4111 1324 4194 Escy'am:

408 4287 493 4338 “Vae
501 4285 583 4336 Genti
595 4286 741 4349 peccatrici.
752 4286 829 4348 gravi
840 4285 988 4349 iniquitate,
999 4285 1095 4334 semini
1108 4285 1248 4344 malorum,
1261 4285 1321 4335 liliis
1331 4285 1476 4348 oorruptis:

488 4352 596 4416 quando
612 4351 763 4414 expanditis
780 4365 877 4400 manus
894 4361 1007 4410 vestras,
1021 4351 1125 4400 occulto
1143 4351 1236 4400 oculos
1256 4349 1333 4400 Meos
1351 4366 1367 4400 a
1384 4350 1475 4405 vobis:

488 4418 569 4466 etiam
587 4417 609 4466 si
628 4417 867 4478 multiplicaveritis
880 4416 1039 4475 orationem,
1054 4431 1109 4465 non
1129 4415 1186 4478 Ego
1203 4416 1301 4474 audi03
1319 4416 1405 4467 lavate
1417 4429 1473 4470 vos.

487 4482 625 4548 purificate
636 4495 693 4539 vos,
708 4491 844 4531 removete
857 4481 986 4531 malitiam
999 4495 1110 4544 operum
1123 4491 1273 4530 vestrorum
1285 4496 1302 4530 a
1313 4495 1403 4532 coram
1415 4495 1476 4529 oeu-

488 4549 522 4598 lis
535 4547 621 4606 Meia;
638 4557 742 4597 cessate
754 4547 855 4596 maium
867 4547 963 4606 lacere,
977 4547 1070 4596 discite
1079 4549 1179 4596 bonum
1190 4547 1294 4598 lacere:
1312 4557 1375 4598 tunc
1386 4548 1410 4596 si
1422 4545 1476 4594 lue·

489 4613 542 4664 rint
554 4623 662 4676 peccata
670 4623 759 4662 vestra
770 4613 838 4662 sicut
850 4613 982 4672 coccinea,
994 4611 1062 4662 sicut
1071 4612 1117 4661 nix
1126 4611 1262 4662 albescent
1273 4627 1278 4674 ;
1296 4613 1320 4662 si
1332 4613 1411 4662 rubra
1422 4611 1475 4661 lue·

489 4679 543 4730 rint
554 4679 622 4728 sicut
633 4693 758 4744 purpura,
769 4677 837 4728 sicut
849 4679 912 4728 lana
923 4687 1001 4728 erunt
1009 4677 1023 4698 ”
1035 4677 1062 4742 (i.
1073 4692 1098 4738 4,
1112 4677 1216 4742 15-18);
