3384 5400
363 647 428 713 626
684 659 934 714 anocntvrsrs
956 662 1167 714 anvarnus.

363 841 399 895 et
418 829 547 896 Verum
567 831 725 907 caeleste,
746 850 785 896 ac
804 852 865 914 per
883 836 1026 896 “aurum
1048 842 1085 897 et
1107 832 1254 916 lapidem
1277 834 1485 917 pretiosum”

363 925 523 988 Divinum
544 925 674 988 Bonum
693 935 729 989 et
749 925 877 990 Verum
896 925 1078 1008 spirituale,
1094 937 1273 1011 utrumque
1291 949 1336 992 ex
1355 929 1482 1005 Verbo,

362 1019 440 1082 ideo
458 1019 582 1101 aliquid
601 1019 732 1084 dicetur
751 1019 794 1084 de
814 1019 938 1084 Divino
956 1019 1104 1085 Caelesti
1121 1030 1158 1085 et
1175 1022 1219 1086 de
1238 1022 1363 1086 Divino
1379 1021 1481 1106 Spiri-

362 1112 446 1178 tuali
458 1113 597 1177 :-Sunt
611 1114 678 1178 duo
695 1113 827 1195 Regna,
841 1115 875 1177 in
887 1135 973 1197 quae
990 1117 1178 1180 universum
1191 1115 1331 1180 Caelum
1348 1117 1482 1180 Domini

362 1206 559 1272 distinGtum
582 1219 647 1283 est,
671 1208 830 1290 Regnum
854 1208 1012 1274 Caeleste
1035 1219 1071 1274 et
1097 1209 1256 1293 Regnum
1283 1209 1481 1294 Spirituale;

363 1301 523 1384 Regnum
550 1301 708 1367 Caeleste
735 1293 901 1367 consistit'
918 1325 963 1367 ex
990 1303 1121 1386 angelis
1152 1307 1209 1388 qui
1241 1306 1274 1368 in
1308 1304 1436 1368 Amore
1461 1326 1483 1368 a

363 1397 512 1461 Domino
530 1407 620 1470 sunt,
639 1406 676 1460 et
699 1396 858 1478 Regnum
880 1399 1053 1480 spirituale
1075 1419 1120 1462 ex
1139 1399 1271 1480 angelis
1290 1399 1346 1481 qui
1368 1399 1403 1460 in
1420 1397 1481 1462 Sa·

362 1492 489 1574 pientia
508 1511 529 1554 a
552 1491 700 1554 Domino
723 1501 811 1556 sunt.
858 1493 897 1554 In
920 1495 1106 1574 unoquovis
1129 1493 1253 1575 Regno
1274 1505 1328 1557 est
1351 1492 1479 1556 Bonum

255 1613 257 1618 ·
362 1595 398 1649 et
422 1585 570 1663 Verum;
601 1586 733 1650 Bonum
756 1597 792 1650 et
816 1586 944 1650 Verum
966 1587 1056 1669 apud
1085 1587 1228 1670 angelos
1257 1587 1370 1670 Regni
1396 1587 1479 1652 Cae·

363 1679 468 1754 lestis,
488 1680 695 1762 significatur
713 1700 773 1763 per
793 1687 999 1763 “purpuram
1018 1692 1053 1747 et
1072 1682 1276 1758 coccinum‚”
1291 1703 1330 1747 ac
1351 1681 1479 1746 Bonum

362 1783 398 1837 et
417 1773 545 1838 Verum
568 1776 657 1858 apud
686 1773 830 1856 angelos
857 1775 968 1857 Regni
991 1776 1172 1858 spiritualis
1194 1776 1401 1858 significatur
1423 1797 1480 1860 per

362 1871 506 1940 “aurum
522 1879 557 1932 et
574 1869 719 1951 lapidem
736 1869 948 1951 pretiosum.”
993 1868 1088 1934 Haec
1104 1881 1139 1933 et
1154 1869 1213 1933 illa
1229 1869 1324 1933 Bona
1338 1880 1374 1934 et
1390 1871 1479 1934 Vera

362 1973 441 2027 sunt
459 1963 591 2046 angelis
613 1984 633 2027 a
656 1963 804 2028 Domino
826 1984 886 2046 per
902 1963 1073 2042 Verbum;
1095 1985 1197 2046 quare
1219 1964 1252 2027 in
1269 1963 1386 2029 Verbo
1404 1956 1478 2028 sunt

362 2057 431 2121 bini
453 2055 578 2121 Sensus
601 2059 787 2133 interiores
810 2058 968 2122 caelestis
989 2068 1026 2122 et
1048 2057 1237 2140 spiritualis.
1287 2058 1371 2123 Inde
1393 2080 1478 2123 nunc

362 2161 426 2226 est,
456 2153 547 2236 quod
577 2152 698 2216 Mulier
726 2153 851 2216 sedens
878 2172 978 2234 super
1007 2152 1122 2216 Bestia
1150 2153 1310 2217 coccinea
1338 2155 1410 2223 visa
1436 2155 1478 2218 sit

363 2247 636 2312 “circuminduta
661 2267 807 2330 purpura
828 2257 864 2310 et
891 2245 1062 2322 coccino‚”
1084 2257 1156 2310 tum
1180 2249 1363 2312 “inaurata
1389 2270 1477 2320 auro.

362 2340 474 2423 lapide
487 2343 635 2423 pretioso
646 2351 682 2406 et
696 2341 915 2423 margaritis.”
952 2339 1067 2405 Simile
1077 2343 1169 2425 quod
1180 2361 1241 2424 per
1253 2346 1274 2375 “
1283 2342 1478 2407 Mulierem''

361 2435 448 2500 hanc
468 2435 675 2518 significatur
693 2455 753 2518 per

412 2587 559 2638 Hominem
577 2587 696 2645 divitem,
710 2587 754 2651 qui
770 2587 954 2636 “induebatur
965 2601 1082 2651 purpura
1092 2597 1120 2637 et
1130 2588 1221 2651 bysso,
1235 2597 1263 2638 et
1274 2587 1385 2639 lautitiis
1397 2589 1480 2639 indul-

491 2655 572 2717 gebat
588 2653 706 2718 quotidie
717 2653 858 2717 splendide
866 2652 890 2713 ;”
907 2654 942 2703 ad
959 2653 1035 2717 cujus
1046 2653 1207 2704 vestibulum
1219 2652 1356 2719 projeetus
1372 2664 1416 2706 est
1431 2655 1479 2705 La-

492 2720 751 2848 wezil}sildqe-rssalr?¹
768 2720 907 2769 “saturari
924 2734 959 2770 ex
975 2720 1050 2770 micis
1065 2721 1220 2770 cadentibus
1237 2734 1271 2769 ex
1287 2736 1384 2771 mensa
1399 2720 1479 2785 ejus''

361 2950 421 3013 per
441 2929 610 2992 “divitem
629 2928 783 2991 indutum
804 2947 950 3011 purpura
966 2937 1003 2993 et
1025 2928 1152 3010 bysso”
1169 2928 1407 3011 intelliguntur
1422 2931 1479 3013 Ju-

297 3060 304 3071 ·
362 3026 448 3098 daei,
462 3024 517 3107 qui
530 3024 701 3086 habebant
714 3022 866 3085 Verbum
879 3044 887 3101 ;
903 3032 939 3087 et
952 3041 1012 3105 per
1021 3030 1041 3055 “
1050 3022 1215 3086 Lazarum
1224 3023 1480 3107 ”intelliguntur

362 3120 492 3185 Gentes
504 3138 590 3201 quae
602 3137 669 3182 non
683 3118 866 3181 habebant.
910 3117 1039 3181 Similia
1049 3117 1280 3200 significantur
1290 3119 1324 3184 in
1336 3140 1478 3203 sequen·

362 3215 451 3279 tibus
470 3214 540 3277 his:

412 3362 491 3428 “Qui
500 3362 673 3411 comederunt
684 3360 810 3420 lautitias.
821 3360 953 3411 devastati
966 3369 1028 3421 sunt
1040 3360 1068 3410 in
1080 3361 1175 3424 plateis
1185 3375 1191 3420 ;
1209 3360 1313 3412 eduoatl
1324 3376 1405 3426 super
1415 3361 1480 3414 Coc·

493 3429 592 3485 einum,
606 3427 721 3490 amplexi
739 3436 802 3477 sunt
819 3426 1030 3490 sterquilinium·
1041 3426 1152 3488 (Taren.
1165 3427 1201 3477 iv.
1214 3427 1254 3487 sl:

413 3496 432 3519 “
439 3492 481 3544 Tu
493 3507 558 3555 ergo
569 3503 674 3543 vastata
683 3492 747 3557 quid
759 3492 858 3553 lacies;
874 3493 898 3541 sl
909 3492 1028 3542 indueris
1039 3502 1066 3543 te
1077 3492 1203 3551 Caeciae,
1215 3493 1238 3542 si
1249 3492 1390 3545 ornaveris
1400 3503 1428 3544 te
1439 3508 1480 3545 or·

492 3568 557 3609 natu
568 3558 633 3617 auri,
647 3558 747 3607 frustra
758 3558 894 3621 pulchram
907 3567 934 3607 te
946 3558 1040 3607 reddes
1048 3556 1062 3577 ”
1073 3558 1181 3623 (Jerem.
1196 3558 1230 3608 iv.
1243 3557 1284 3619 30)
1294 3573 1300 3616 ;

412 3626 430 3650 “
440 3624 521 3675 Filiae
534 3623 643 3673 Israelis
655 3638 736 3686 supra
747 3623 860 3673 Schaule
871 3622 941 3681 flete,
956 3624 1000 3686 qui
1017 3624 1137 3674 amicivit
1152 3638 1203 3672 vos
1215 3622 1332 3674 Cocclno
1343 3638 1404 3673 cnm
1416 3626 1480 3675 deli·

491 3690 566 3748 catis.
580 3699 607 3739 et
618 3690 662 3753 qui
675 3688 763 3751 posuit
774 3697 898 3739 omatum
910 3688 968 3738 auri
979 3703 1061 3753 super
1071 3699 1173 3738 vestem
1182 3688 1196 3709 ''
1207 3688 1234 3751 (a
1245 3690 1315 3739 Sans.
1326 3690 1344 3740 i.
1356 3690 1416 3753 ul:

412 3757 430 3781 ‘¹
438 3754 542 3820 Byssus
559 3770 592 3805 ex
609 3752 764 3818 acupidlura
775 3754 824 3804 luit
835 3754 967 3818 expansio
984 3765 1038 3813 tua,
1051 3755 1254 3819 hyacinthinum
1266 3764 1294 3804 et
1302 3770 1420 3819 purpura
1431 3756 1480 3807 luit

491 3830 676 3884 tegumentum
689 3830 763 3870 tuum
772 3819 786 3840 ’¹
798 3820 900 3883 (Euri.
914 3820 995 3870 xxvii.
1009 3819 1050 3881 7);

360 3966 404 4029 ibi
427 3964 471 4028 de
490 3963 640 4045 “Tyro‚”
658 3983 718 4046 per
738 3983 840 4046 quam
863 3960 1095 4045 significantur
1116 3962 1330 4044 cognitiones
1351 3965 1422 4029 veri
1444 3974 1479 4027 et

360 4060 439 4122 boni
462 4078 507 4121 ex
531 4057 657 4122 Verbo.
716 4056 886 4139 Quoniam
912 4076 972 4139 per
995 4063 1201 4139 “purpuram
1224 4066 1261 4123 et
1283 4058 1479 4122 coccinum'‘

360 4151 591 4235 significantur
610 4152 741 4216 Bonum
756 4160 792 4216 et
811 4150 939 4214 Verum
959 4149 1127 4226 Caeleste,
1146 4150 1223 4215 ideo

409 4306 505 4357 Vestes
522 4306 665 4367 Aharonis,
679 4315 709 4356 nt
726 4314 753 4355 et
768 4304 836 4355 Vela
853 4315 880 4355 et
897 4304 1001 4355 Aulaeo
1018 4304 1201 4364 Tabernacull,
1273 4314 1347 4357 texta
1357 4317 1434 4358 erant
1445 4323 1478 4358 ex

489 4372 672 4436 hyacinthino,
683 4371 811 4434 Purpura,
821 4370 971 4421 Coccinoet
979 4373 1062 4436 bysso
1070 4369 1163 4434 (Exeat.
1172 4368 1254 4424 mll¹
1268 4387 1292 4434 4,
1302 4385 1343 4435 31,
1353 4374 1402 4436 36;
1418 4388 1475 4438 bap.

490 4439 574 4488 xxvii.
587 4438 633 4495 1⁶3
650 4452 708 4499 cap.
721 4438 813 4489 xxviii.
827 4438 852 4493 6.
865 4437 922 4501 15);

452 4502 487 4553 od
499 4503 603 4553 Aulaea
614 4504 707 4567 (Exod.
721 4504 793 4553 xxvi.
807 4503 846 4566 1);

452 4569 488 4619 od
499 4567 595 4619 Velum
606 4576 669 4619 ante
681 4568 780 4618 Arcam
792 4566 885 4627 (Exod.
899 4568 971 4619 ml.
983 4566 1040 4631 31);

408 4502 487 4701 ξω
500 4634 697 4699 'legumentum
709 4648 758 4699 pro
770 4635 840 4685 ostio
853 4634 974 4687 Teutoni
987 4634 1080 4698 (ΕΜ.
1094 4635 1166 4687 xxvi.
1178 4632 1238 4700 36„
