3384 5400
489 698 568 750 ene.
585 701 702 764 xv111.,
718 701 820 751 vens.
835 700 946 770 9.—u.
961 689 1033 770 767.
1276 690 1342 773 669

217 870 412 936 adulterata
433 893 515 936 vera
541 871 648 949 Verbi,
668 895 752 956 quae
764 875 919 955 fecerunt
939 873 1057 938 sanl‘la
1073 872 1249 948 Ecclesiae,
1268 896 1341 939 cum

217 967 334 1030 vident
350 988 389 1030 ea
406 987 506 1031 versa
524 968 558 1030 in
573 968 849 1050 prophana—In
867 969 931 1033 hoc
951 979 987 1033 et
1007 971 1041 1032 in
1059 980 1223 1052 sequente
1241 990 1341 1034 versu

218 1063 332 1144 agitur
350 1063 392 1126 de
412 1061 504 1127 ludtu
524 1068 672 1146 “regum
691 1063 831 1138 terrae,”
850 1085 909 1146 per
927 1056 1011 1147 quos
1029 1063 1265 1146 intelliguntur
1282 1085 1339 1127 su·

218 1158 327 1240 premi
342 1157 375 1220 in
389 1158 517 1233 ordine,
531 1159 586 1240 qui
600 1168 779 1240 magnates
792 1168 827 1221 et
840 1158 1002 1240 primates
1013 1168 1197 1236 vocantur3
1221 1179 1242 1221 a
1253 1177 1340 1223 vers.

223 1267 257 1313 11
271 1252 315 1314 ad
332 1251 369 1314 16
380 1253 491 1334 agitur
500 1252 543 1315 de
556 1250 646 1315 luctu
659 1257 913 1316 “mercatorum
926 1251 1065 1327 terrae,”
1076 1272 1133 1333 per
1143 1273 1228 1334 quos
1237 1252 1339 1316 intel·

220 1345 370 1427 liguntur
380 1346 551 1410 inferiores
560 1347 594 1409 in
605 1347 795 1428 ordine,qui
806 1354 971 1408 vocantur
978 1346 1149 1424 monachi;
1166 1357 1201 1410 et
1211 1368 1232 1409 a
1242 1368 1340 1410 versu

223 1455 261 1520 17
284 1440 326 1502 ad
353 1455 392 1520 19
409 1442 524 1522 agitur
545 1441 588 1504 de
611 1438 703 1503 luctu
721 1438 982 1503 “nauclerorum
1000 1449 1035 1503 et
1058 1441 1265 1516 nautarum,”
1281 1462 1340 1523 per

218 1553 306 1616 quos
324 1533 559 1616 intelliguntur
576 1535 632 1617 qui
654 1543 850 1616 apportant,
874 1534 930 1616 qui
952 1543 1118 1596 vocantur
1140 1533 1226 1598 laici.
1272 1534 1338 1599 Hic

219 1646 310 1689 nunc
331 1627 373 1690 de
391 1628 554 1710 “regibus
570 1628 709 1703 terrae,'’
724 1647 783 1709 per
798 1647 884 1710 quos
899 1626 1130 1708 significantur
1144 1630 1291 1711 supremi
1306 1631 1340 1692 in

219 1721 347 1784 ordine.
393 1719 493 1802 Quod
509 1741 569 1804 per
586 1725 605 1754 ‘⁴
613 1741 711 1802 reges
719 1721 733 1746 ”
749 1740 817 1783 non
833 1720 1069 1802 intelligantur
1083 1741 1192 1802 reges,
1209 1723 1270 1786 sed
1285 1723 1341 1806 qui

218 1815 254 1878 in
278 1815 366 1879 veris
389 1835 434 1878 ex
460 1815 552 1878 bono
576 1824 665 1891 sunt,
691 1823 726 1879 et
752 1816 785 1878 in
809 1816 969 1897 opposito
991 1835 1092 1878 sensu
1117 1816 1152 1878 in
1177 1815 1269 1880 salsis
1294 1837 1340 1880 ex

219 1908 323 1984 malo,
337 1909 491 1972 videatur
506 1929 605 1993 supra
623 1906 669 1990 (n.
681 1909 755 1989 483,
772 1923 843 1990 704,
858 1923 931 1988 720,
948 1923 1020 1990 737,
1034 1908 1132 1991 74o);
1156 1910 1209 1973 hic
1226 1911 1341 1994 itaque

218 2023 280 2085 per
301 2008 428 2084 “reges
446 2013 556 2067 terrae
573 2005 629 2086 qui
652 2022 728 2066 cum
752 2002 932 2066 Meretrice
955 2005 1097 2066 scortati
1120 2013 1198 2066 sunt
1221 2014 1257 2068 et
1280 2005 1340 2068 de·

219 2096 348 2160 liciati”
371 2095 602 2179 significantur
624 2098 679 2179 qul
706 2097 740 2159 in
762 2096 913 2160 dominio
936 2106 1015 2160 sunt
1038 2107 1073 2161 et
1096 2098 1166 2178 ejus
1185 2097 1341 2180 jucundis

219 2211 282 2273 per
307 2189 484 2254 falsificata
510 2200 546 2254 et
572 2191 764 2254 adulterata
790 2210 871 2254 vera
893 2190 1009 2266 Verbi,
1032 2193 1195 2274 imprimis
1222 2212 1282 2273 per
1307 2193 1341 2255 id

218 2303 336 2347 verum
357 2284 401 2347 ab
419 2283 484 2347 illis
505 2283 719 2348 falsificatum
742 2293 777 2347 et
801 2282 1040 2359 adulteratum,
1060 2285 1150 2367 quod
1175 2285 1341 2348 Dominus

220 2378 309 2442 dixit
328 2378 370 2441 ad
390 2377 536 2454 Petrum,
556 2379 684 2461 dequo
702 2377 827 2461 aliquid
846 2379 1013 2461 sequitur;
1036 2378 1127 2462 quod
1148 2379 1340 2442 “scortari’'

219 2471 389 2554 significet
412 2471 588 2536 falsificare
614 2481 649 2536 et
675 2471 866 2535 adulterare
888 2492 968 2534 vera
991 2471 1106 2546 Verbi,
1131 2473 1285 2535 videatur
1306 2492 1338 2535 n.

223 2583 294 2647 134,
317 2565 390 2646 632,
413 2566 495 2648 635;
523 2577 558 2630 et
580 2566 670 2649 quod
696 2566 894 2630 “deliciari''
917 2565 1084 2653 significet
1107 2566 1167 2629 srui
1186 2567 1340 2647 jucundis

220 2661 360 2725 dominii
383 2671 418 2725 et
441 2660 539 2725 simul
562 2660 766 2744 opulentiae,
791 2680 823 2724 n.
842 2675 923 2744 759;
947 2681 1006 2743 per
1023 2661 1113 2744 quod
1138 2660 1214 2724 “illi
1236 2659 1339 2725 defle·

218 2757 307 2820 bunt
325 2765 360 2819 et
379 2754 545 2839 plangent
553 2754 567 2779 '¹
586 2753 818 2838 significantur
836 2756 1012 2819 interiores
1032 2755 1165 2819 illorum
1184 2755 1339 2832 dolores;

221 2848 397 2913 ‘'deflere”
423 2858 458 2912 et
487 2849 676 2931 “plangere
685 2848 700 2874 ”
726 2848 857 2922 dicitur,
883 2850 960 2930 quia
985 2849 1108 2912 deflere
1134 2859 1187 2912 est
1214 2849 1340 2912 doloris

220 2962 321 3024 super
341 2936 529 3022 dejedlione
552 2963 570 3005 e
593 2942 753 3016 dominio,
774 2951 809 3005 et
832 2941 994 3024 plangere
1016 2952 1070 3006 est
1093 2943 1219 3006 doloris
1241 2964 1340 3027 super

220 3038 455 3119 deprivatione
477 3036 689 3118 opulentiae:
728 3046 763 3099 et
786 3036 864 3118 quia
886 3035 1005 3098 horum
1028 3035 1164 3099 dolores
1186 3046 1265 3100 sunt
1287 3038 1339 3100 in-

220 3131 362 3194 teriores
380 3150 481 3213 quam
502 3135 756 3193 “mercatorum
775 3129 915 3203 terrae,”
931 3130 1007 3193 ideo
1025 3130 1068 3193 de
1089 3130 1251 3212 “regibus
1269 3141 1339 3194 ter·

220 3222 308 3298 rae,”
335 3242 394 3305 per
419 3244 504 3306 quos
530 3223 766 3305 intelliguntur
792 3224 979 3305 superiores
1005 3226 1039 3287 in
1066 3225 1193 3299 ordine,
1218 3225 1340 3289 dicitur

220 3317 313 3400 quod
337 3316 550 3381 “deflerent''
572 3326 607 3380 et
633 3317 864 3399 “plangerent
876 3317 902 3396 ;”
938 3328 974 3383 et
1000 3318 1339 3383 de·“mercatoribus

220 3411 362 3487 terrae,’'
380 3432 440 3493 per
458 3432 543 3495 quos
564 3410 800 3493 intelliguntur
822 3409 992 3475 inferiores
1014 3412 1047 3475 in
1070 3412 1198 3488 ordine,
1218 3412 1341 3477 dicitur

221 3506 312 3589 quod
337 3504 507 3569 “flerent''
529 3515 564 3569 et
589 3504 801 3587 “lugerent’'
845 3503 909 3568 Per
933 3506 1074 3570 “videre
1095 3504 1222 3568 sumum
1245 3526 1339 3569 com·

219 3598 410 3664 bustionis”
428 3597 635 3681 significatur
653 3599 732 3662 dum
751 3599 868 3662 vident
889 3598 973 3662 salsa
992 3599 1155 3681 Religiosi
1174 3601 1234 3673 sui,
1253 3620 1340 3683 quae

222 3703 302 3758 sunt
317 3692 494 3757 falsificata
509 3702 543 3756 et
559 3693 750 3756 adulterata
762 3713 842 3755 vera
855 3692 970 3767 Verbi,
984 3713 1080 3757 versa
1096 3694 1129 3756 in
1145 3694 1338 3777 prophana;

222 3808 283 3872 per
307 3786 483 3851 “sumum''
501 3784 732 3868 significantur
754 3786 837 3849 salsa
860 3786 918 3849 illa
942 3785 989 3868 (n.
1011 3804 1084 3865 422,
1107 3786 1198 3870 452),
1222 3796 1257 3851 et
1280 3807 1339 3869 per

224 3880 525 3946 “combustionem
533 3880 548 3905 ”
563 3879 770 3961 significatur
788 3880 998 3963 prophanum
1017 3880 1064 3963 (n.
1080 3880 1168 3963 766).
1213 3880 1270 3943 Ex
1289 3881 1340 3944 his

222 3987 322 4040 etex
345 3974 411 4038 illis
429 3995 515 4057 quae
537 3994 635 4056 supra
658 3972 704 4055 (n.
723 3973 799 4056 766)
821 3973 994 4055 explicata
1012 3984 1101 4047 sunt,
1122 3984 1230 4057 patet,
1249 3974 1340 4056 quod

223 4089 283 4153 per
307 4066 507 4131 “deflebunt
529 4066 622 4131 illam
645 4078 680 4131 et
706 4068 872 4150 plangent
896 4088 996 4150 super
1016 4067 1074 4131 illa
1096 4088 1195 4150 reges
1218 4079 1339 4143 terrae,

222 4164 374 4246 quicum
393 4161 451 4225 illa
474 4162 615 4225 scortati
638 4172 716 4225 sunt
739 4172 774 4225 et
793 4162 951 4236 deliciati,
972 4162 1107 4244 quando
1125 4163 1270 4227 viderint
1291 4164 1340 4227 su-

224 4276 317 4321 mum
346 4256 589 4321 combustionis
618 4254 716 4335 ejus,”
743 4253 973 4337 significentur
1002 4256 1178 4319 interiores
1205 4256 1340 4321 dolores

223 4350 357 4414 illorum
380 4350 436 4432 qui
460 4350 495 4413 in
521 4348 681 4430 superiori
702 4348 853 4412 dominio
878 4358 913 4412 et
939 4348 1009 4429 ejus
1028 4348 1183 4429 jucundis
1209 4350 1341 4415 luerunt

224 4465 283 4528 per
295 4441 472 4508 falsificata
488 4452 522 4506 et
538 4440 729 4507 adulterata
742 4462 820 4505 vera
832 4440 949 4519 Verbi,
963 4462 1039 4505 cum
1055 4443 1172 4507 vident
1188 4464 1229 4507 ea
1244 4464 1341 4508 versa

223 4540 257 4603 in
276 4536 462 4622 prophana.
