3384 5400
325 612 390 695 764
646 613 893 679 naocnuuasis
916 594 1128 681 navatam.

325 795 481 879 cogitant
504 795 594 878 quod
618 815 679 859 nec
703 796 791 859 tanti
814 795 858 860 sit
885 806 921 860 ut
945 797 1074 875 sciant3
1107 799 1221 875 verbo,
1245 800 1363 864 vivunt
1386 802 1447 865 sibi

326 902 362 954 et
385 890 522 964 mundo,
546 892 595 953 ita
618 891 719 971 genio
742 903 777 955 et
800 893 942 974 corpori,
967 902 1001 955 et
1026 912 1093 956 non
1118 893 1193 957 Deo
1217 904 1251 957 et
1278 898 1446 977 proximo,

325 990 375 1050 ita
397 1007 465 1049 non
488 987 616 1070 spiritui
640 996 674 1049 et
697 988 850 1065 animae;
882 1009 926 1051 ex
951 989 1069 1070 quibus
1092 1000 1199 1070 patet,
1223 990 1313 1072 quod
1337 992 1447 1055 cultus

325 1101 441 1145 eorum
464 1082 508 1145 sit
531 1092 695 1144 externus
713 1083 840 1164 absque
859 1082 951 1145 cultu
975 1084 1128 1159 interno;
1162 1084 1196 1147 hi
1220 1086 1322 1148 etiam
1342 1105 1447 1167 prone

325 1177 489 1258 recipiunt
511 1176 719 1239 haereticum
742 1176 785 1238 de
807 1176 881 1240 sola
905 1176 999 1251 Fide,
1024 1178 1185 1259 imprimis
1208 1198 1283 1241 cum
1306 1180 1446 1243 audiunt

325 1271 415 1353 quod
445 1271 549 1333 homo
572 1290 639 1333 non
663 1264 770 1353 possit
792 1270 902 1333 lacere
925 1271 1050 1334 bonum
1081 1294 1101 1335 a
1130 1294 1177 1347 se,
1202 1283 1237 1336 et
1264 1274 1354 1355 quod
1379 1294 1446 1337 non

323 1368 392 1428 sint
415 1366 477 1428 sub
491 1364 574 1446 jugo
594 1364 716 1446 Legis;
739 1366 818 1428 inde
840 1374 904 1437 est,
924 1366 1014 1447 quod
1034 1366 1174 1442 dicatur,
1194 1369 1283 1450 quod
1301 1368 1446 1432 “Draco

324 1460 431 1523 exibit
454 1460 615 1533 seducere
634 1469 768 1541 gentes,
788 1458 923 1540 Gogum
947 1472 981 1523 et
1006 1462 1221 1543 Magogum.”
1266 1462 1328 1527 Per
1347 1462 1446 1527 “Go-

324 1575 405 1637 gum
428 1564 463 1618 et
487 1553 698 1635 Magogum”
721 1556 824 1618 etiam
848 1556 880 1617 in
905 1554 1038 1636 Lingua
1062 1555 1219 1621 Hebraea
1239 1558 1445 1639 significatur

324 1650 442 1713 tellum
459 1659 492 1711 et
508 1648 703 1724 tabulatum,
723 1649 813 1731 quod
833 1659 886 1712 cst
906 1660 1096 1714 externum.

383 1742 489 1808 8⁶⁰.
518 1741 677 1811 “duonum
703 1761 851 1805 numerus
878 1741 962 1805 siout
992 1761 1089 1804 enne
1116 1740 1250 1815 manis,''
1277 1742 1444 1824 significat

323 1834 565 1899 militudinem
580 1833 976 1917 talticm.—Comparatur
992 1834 1174 1899 multitudo
1192 1834 1326 1898 illorum
1343 1842 1443 1899 “are-

324 1949 387 1994 nae
400 1931 499 1992 maris
507 1930 523 1954 ”
532 1930 609 2011 quia
621 1949 680 2011 per
694 1929 838 1993 “mate’'
848 1930 1055 2012 significatur
1064 1940 1245 1994 externum
1259 1929 1443 2007 Ecclesiae,

328 2024 376 2106 (n.
393 2041 468 2104 402.
486 2042 561 2105 403,
577 2042 651 2104 404,
667 2026 783 2108 4701'1),
800 2038 835 2091 et
856 2048 915 2110 per
935 2033 1098 2092 “arenam
1107 2028 1122 2053 ”
1140 2030 1282 2110 id-quod
1302 2049 1370 2092 non
1390 2030 1440 2091 in-

326 2121 428 2181 servit
442 2118 540 2181 alicui
557 2121 627 2182 usui
644 2122 676 2181 in
693 2121 776 2183 mari
788 2141 889 2202 quam
902 2131 938 2185 ut
955 2122 1056 2184 saciat
1072 2122 1220 2186 fundum.
1266 2120 1354 2205 Quia
1370 2134 1440 2187 tam

323 2220 445 2301 ingens
463 2216 596 2280 illorum
616 2234 772 2279 numerus
790 2226 855 2291 est,
874 2216 951 2279 ideo
969 2224 1112 2279 vocatur

372 2379 458 2430 Vallis
476 2379 627 2441 sepulturae
644 2377 761 2434 illorum,
782 2376 927 2426 Multitudo
945 2376 1024 2440 Cogi,
1044 2386 1072 2427 et
1092 2376 1199 2427 Nomen
1217 2378 1291 2427 urbis
1309 2378 1354 2429 ubi
1371 2386 1440 2433 sunt,

456 2444 600 2495 Multitudo
610 2443 710 2506 (Επεὶ.
722 2443 812 2493 xxxix.
825 2454 864 2503 15,
877 2438 953 2509 [16]).

383 2601 482 2667 861.
507 2611 597 2677 [Vm.
610 2608 651 2675 9·]
676 2598 742 2660 “ft
767 2598 977 2661 accenderunt
995 2614 1090 2680 supet·
1109 2598 1298 2662 latitudinem
1325 2606 1442 2672 hanno,

322 2698 359 2756 et
375 2690 764 2756 circummanentem
777 2695 956 2752 oenomaum
975 2695 1010 2753 et
1026 2690 1130 2754 unbem
1144 2690 1326 2764 dilectum,''
1341 2694 1443 2774 signi-

324 2783 403 2848 ficat
422 2783 512 2866 qnod
524 2782 663 2844 excitati
677 2803 698 2845 a
716 2781 910 2844 Draconicis
929 2793 1121 2862 spernerent
1138 2803 1231 2845 omne
1247 2805 1362 2851 verum
1380 2787 1443 2851 Ec·
1526 2819 1528 2824 ·

322 2879 448 2951 clestne,
471 2888 503 2941 et
530 2887 727 2939 conarentur
753 2877 923 2938 destruere
949 2876 1060 2939 omnia
1081 2876 1245 2941 Ecclesiae
1266 2879 1391 2956 Novae,
1414 2893 1444 2946 et

323 2975 434 3054 ipsam
451 2973 519 3055 ejus
537 2971 724 3034 doc‘ln'nam
741 2971 781 3035 de
801 2969 942 3034 Domino
964 2981 996 3034 et
1017 2971 1058 3034 de
1082 2971 1276 3038 Vitae-Pet
1296 2979 1443 3040 “ascen-

315 3069 404 3130 dere
426 3086 525 3148 super
548 3064 762 3128 latitudinem
781 3064 917 3128 terrae”
936 3065 1144 3147 significatur
1162 3087 1321 3149 spernere
1344 3091 1444 3136 omne

323 3181 439 3224 verum
463 3161 649 3235 Ecclesiae,
674 3179 752 3222 nam
776 3179 835 3241 per
859 3160 1071 3223 “ascendere
1093 3161 1214 3243 supet''
1236 3163 1446 3244 significatur

323 3255 586 3337 superscandere
605 3264 640 3316 et
663 3254 856 3335 praeterire,
876 3254 925 3316 ita
947 3273 1125 3335 spernete;
1159 3265 1195 3318 et
1218 3277 1278 3338 per
1297 3259 1443 3324 “latitu-

323 3352 437 3413 dinem
456 3348 590 3412 terrae''
609 3347 817 3430 significatur
834 3367 951 3410 verum
971 3346 1157 3424 Ecclesiae,
1177 3349 1220 3413 de
1243 3369 1309 3432 quo
1332 3357 1443 3438 sequi·

323 3456 399 3507 tur:
442 3465 502 3526 per
538 3441 774 3506 “circumdare
816 3451 931 3504 castra
974 3439 1192 3506 sanctorum
1236 3447 1443 3526 significatur

322 3540 478 3603 obsidere
507 3547 543 3601 et
572 3536 660 3600 velle
690 3536 863 3600 destruere
893 3537 1006 3600 omnia
1037 3536 1212 3602 Ecclesiae
1243 3539 1372 3616 Novae,
1401 3545 1442 3608 de

322 3634 443 3716 quibus
474 3634 508 3694 in
540 3631 695 3712 sequenti
728 3629 889 3694 articulo:
924 3641 959 3694 et
993 3651 1052 3713 pet
1082 3633 1226 3696 “urbem
1260 3633 1443 3700 dileEtam”

322 3726 530 3810 significatur
549 3723 702 3788 dottrina
721 3725 840 3788 Novae
860 3725 1054 3802 Ecclesiae;
1081 3728 1171 3809 quod
1196 3749 1254 3810 per
1274 3733 1441 3795 “urbem''

322 3821 528 3903 significetur
544 3816 707 3882 DoEtrina
726 3819 912 3894 Ecclesiae,
930 3821 1083 3883 videatur
1098 3843 1197 3903 supra
1216 3822 1261 3902 (n.
1284 3841 1351 3904 194,
1371 3841 1439 3908 501,

325 3933 396 3998 502,
413 3915 501 3997 712),
520 3936 607 3998 quae
626 3913 802 3977 “dileela”
820 3925 971 3989 vocatur,
992 3917 1068 3997 quia
1086 3918 1157 3998 agit
1176 3917 1219 3980 de
1239 3917 1387 3985 Domino
1406 3933 1439 3985 et

322 4014 366 4075 de
384 4009 478 4084 Vita,
497 4020 550 4073 est
569 4010 658 4072 enim
679 4006 841 4071 Doftrina
861 4008 979 4073 Novae
1003 4008 1261 4092 Hierosolymae
1279 4034 1366 4096 quae
1388 4016 1438 4078 hic

322 4105 533 4186 intelligitur.
578 4103 678 4184 Quod
697 4102 781 4165 haec
800 4122 860 4184 per
878 4103 936 4166 illa
953 4105 1056 4166 verba
1075 4104 1315 4186 significentur,
1339 4129 1438 4172 nemo

322 4209 438 4282 potest
457 4199 571 4262 videte
591 4199 652 4260 nisi
670 4217 729 4278 per
748 4195 891 4259 Sensum
908 4199 1113 4280 spiritualem
1131 4199 1246 4274 Verbi,
1264 4221 1331 4265 non
1350 4205 1436 4266 enim

323 4302 439 4376 potest
458 4294 491 4355 in
510 4292 647 4371 alicujus
666 4292 911 4372 cogitationem
930 4294 1053 4364 venire,
1073 4294 1162 4376 quod
1183 4314 1241 4376 per
1258 4295 1436 4360 “latitudi-

322 4407 400 4452 nem
431 4385 566 4450 terrae”
595 4384 802 4466 significetur
831 4406 945 4448 verum
978 4385 1162 4461 Ecclesiae,
1193 4388 1351 4472 quodque
1381 4411 1436 4474 per

323 4490 464 4546 “castra
485 4477 701 4543 sanctorum’
723 4479 953 4561 significentur
975 4482 1087 4544 omnia
1111 4481 1285 4546 Ecclesiae
1310 4484 1434 4559 Nouae,

322 4588 394 4639 tam
416 4595 495 4638 vera
518 4593 617 4656 quam
644 4575 734 4638 bona
756 4575 836 4656 ejus,
859 4585 894 4638 et
918 4575 1008 4658 quod
1038 4595 1098 4658 per
1121 4577 1290 4640 “urbem'’
1313 4578 1431 4661 signifi·
