3384 5400
322 632 386 697 816
644 644 891 697 anmantuus
915 645 1126 697 ravennas.

322 818 532 900 “longitudo
548 826 585 881 et
604 817 749 881 latitudo
767 826 803 880 et
820 817 969 885 altitudo
988 824 1065 880 sunt
1084 814 1259 898 aequalia''
1275 814 1442 898 significet

321 915 412 997 quod
439 914 553 976 omnia
579 913 647 975 sint
673 932 719 975 ex
745 904 836 975 ὸοπο
862 914 995 987 amoris,
1023 920 1077 974 est
1103 912 1182 993 quia
1203 910 1442 992 “longitudo,”

321 1030 408 1092 quae
426 1007 595 1089 significat
613 1008 741 1070 bonum
757 1007 892 1081 amoris,
912 1007 1095 1087 praecedit,
1115 1015 1150 1069 et
1170 1010 1190 1037 ‘⁴
1202 1004 1371 1068 latitudo”
1390 1013 1443 1068 est

322 1106 352 1167 ei
379 1102 538 1185 aequalis,
561 1103 610 1165 ite
635 1103 723 1164 sicut
746 1100 983 1181 “longitudo’'
1005 1110 1078 1163 tum
1100 1100 1204 1163 etiam
1228 1099 1405 1163 “altitudo
1417 1099 1444 1177 ;”

321 1199 468 1279 alioquin
481 1198 560 1280 quid
574 1196 663 1259 foret
675 1196 765 1277 quod
781 1194 929 1257 altitudo
945 1195 1034 1257 urbis
1049 1194 1135 1257 foret
1148 1194 1325 1256 duodecim
1339 1194 1445 1257 millia

321 1292 508 1355 stadiorum
521 1312 528 1368 ;
545 1292 593 1355 sic
603 1292 805 1353 immensum
814 1291 1016 1352 ascenderet
1026 1308 1128 1370 supra
1135 1288 1252 1361 nubes,
1263 1289 1332 1352 imo
1344 1310 1445 1371 supra

321 1387 598 1469 atmosphaeram
615 1402 760 1457 aeream,
779 1383 872 1463 cujus
892 1384 1038 1445 altitudo
1057 1402 1125 1445 non
1144 1382 1283 1446 excedit
1302 1384 1444 1463 triginta

322 1482 453 1559 stadia;
471 1482 540 1543 imo
552 1479 753 1542 ascenderet
768 1478 969 1541 immensum
985 1478 1018 1540 in
1034 1477 1172 1541 aethere
1187 1497 1303 1540 versus
1317 1478 1443 1540 zenith.

322 1574 425 1657 Quod
454 1595 513 1657 per
535 1574 592 1638 illa
614 1575 678 1638 tria
700 1572 856 1655 aequalia
878 1570 1085 1654 significetur
1107 1572 1197 1654 quod
1212 1573 1333 1649 'omnia
1354 1570 1444 1635 illius

322 1669 496 1733 Ecclesiae
514 1670 582 1732 sint
604 1690 649 1732 ex
668 1669 760 1731 bono
777 1666 911 1741 amoris,
931 1676 1026 1748 patet
1045 1667 1148 1730 etiam
1170 1688 1191 1729 a
1213 1667 1442 1749 sequentibus,

322 1783 400 1827 nam
423 1765 544 1827 dicitur
566 1764 658 1845 quod
681 1761 803 1826 “Urbs
826 1772 918 1825 esset
940 1780 1057 1824 aurum
1080 1780 1197 1842 purum
1220 1761 1328 1824 simile
1353 1762 1443 1825 vitro

321 1858 428 1941 puro”
442 1857 541 1939 (vers.
562 1859 615 1939 18)
631 1879 638 1935 ;
662 1867 698 1921 et
714 1877 847 1939 quoque
860 1856 952 1937 quod
964 1855 1106 1938 “platea
1118 1856 1207 1919 urbis
1220 1866 1310 1920 esset
1326 1876 1443 1919 aurum

322 1972 440 2036 purum
469 1963 632 2035 tanquam
662 1952 786 2015 vitrum
817 1949 1043 2032 pellucidum”
1072 1948 1171 2030 (vers.
1203 1951 1279 2032 21):
1316 1960 1353 2015 et
1383 1972 1443 2032 per

323 2046 493 2110 “aurum’'
515 2045 723 2128 significatur
752 2046 878 2109 bonum
902 2046 1036 2109 amoris.
1081 2042 1182 2125 Quod
1213 2046 1325 2109 omnia
1348 2045 1443 2109 Caeli

321 2152 356 2205 et
384 2141 559 2205 Ecclesiae
586 2142 653 2203 sint
679 2159 725 2203 ex
752 2142 844 2203 bono
870 2141 1004 2215 amoris,
1031 2150 1066 2203 et
1094 2140 1220 2203 bonurn
1246 2141 1369 2203 amoris
1396 2161 1441 2203 ex

322 2236 481 2310 Domino,
500 2235 669 2299 videbitur
687 2236 721 2298 in
740 2247 904 2317 sequente
923 2234 1074 2298 articulo.

385 2329 491 2412 9⁰8.
520 2329 622 2412 Quod
651 2330 765 2393 omnia
788 2328 882 2393 Caeli
911 2341 946 2393 et
978 2329 1153 2393 Ecclesiae
1177 2331 1247 2393 sint
1276 2348 1321 2393 ex
1350 2330 1442 2394 bono

320 2426 455 2498 amoris,
477 2435 513 2488 et
544 2426 670 2488 bonum
691 2426 815 2489 amoris
837 2446 883 2488 ex
908 2426 1066 2501 Domino,
1089 2444 1157 2488 non
1180 2426 1285 2487 videri
1314 2435 1441 2507 potest,

321 2532 357 2584 et
386 2520 463 2582 inde
494 2538 556 2582 nec
586 2520 674 2593 sciri,
697 2520 762 2582 nisi
784 2520 1048 2583 demonstretur.
1094 2516 1196 2600 Quod
1225 2539 1294 2583 non
1316 2522 1442 2584 sciatur

320 2616 399 2697 quia
416 2632 484 2677 non
502 2614 645 2687 videtur,
665 2622 718 2677 est
740 2614 818 2695 quia
835 2616 962 2677 bonum
982 2634 1050 2677 non
1072 2616 1176 2677 intrat
1196 2614 1441 2695 cogitationem

320 2711 466 2773 hominis
483 2711 569 2772 sicut
587 2728 727 2786 verum3
759 2729 876 2772 verum
896 2711 986 2773 enim
1008 2711 1041 2772 in
1065 2711 1276 2791 cogitatione
1294 2709 1439 2785 videtur,

318 2805 398 2886 quia
419 2814 471 2866 est
494 2823 539 2865 ex
562 2802 636 2866 luce
655 2801 759 2877 Caeli,
779 2813 815 2866 at
838 2804 968 2866 bonum
989 2805 1093 2867 modo
1113 2806 1268 2878 sentitur,
1288 2805 1366 2885 quia
1387 2815 1440 2869 est

320 2919 365 2960 ex
378 2897 491 2960 calore
503 2896 597 2960 Caeli
609 2918 618 2973 ;
640 2906 676 2960 et
691 2917 768 2959 raro
779 2897 908 2980 aliquis,
922 2899 1004 2960 dum
1015 2895 1157 2961 rellettit
1168 2917 1269 2979 super
1283 2897 1341 2960 illa
1356 2917 1442 2980 quae

277 3012 285 3022 ‘
319 2993 462 3073 cogitat,
481 2991 631 3055 attendit
653 2992 696 3054 ad
720 2992 778 3054 illa
796 3013 882 3074 quae
902 2993 1016 3067 sentit,
1036 2993 1096 3055 sed
1116 3011 1201 3074 quae
1218 2993 1332 3056 videt:
1356 2993 1440 3056 haec

320 3105 422 3148 causa
448 3095 501 3149 est
527 3085 618 3168 quod
647 3087 769 3150 eruditi
794 3087 1010 3151 attribuerint
1037 3087 1236 3168 cogitationi
1263 3089 1377 3150 omnia
1405 3097 1440 3152 et

320 3199 390 3242 non
411 3177 589 3254 affettioni,
610 3189 645 3243 et
664 3181 754 3262 quod
778 3180 935 3244 Ecclesia
953 3181 1144 3244 attribuerit
1167 3179 1245 3244 fidei
1269 3184 1383 3245 omnia
1404 3193 1440 3246 et

320 3293 390 3336 non
415 3275 540 3351 amori;
571 3293 647 3337 cum
674 3286 791 3338 tamen
816 3295 943 3350 verum,
971 3276 1061 3357 quod
1091 3275 1191 3338 hodie
1222 3277 1254 3338 in
1284 3275 1440 3339 Ecclesia

318 3377 462 3430 vocatur
492 3366 569 3432 fidei
598 3368 653 3431 vel
683 3367 777 3444 fides,
804 3380 858 3433 est
889 3371 992 3434 modo
1021 3369 1128 3433 sorma
1156 3370 1236 3432 boni
1266 3368 1356 3452 quod
1387 3381 1439 3434 est

319 3462 444 3524 amoris
475 3460 645 3543 (videatur
674 3483 784 3545 supra,
807 3484 839 3526 n.
871 3463 958 3546 875).
1004 3463 1101 3527 Nunc
1132 3465 1209 3545 quia
1238 3463 1342 3526 homo
1371 3483 1438 3527 non

320 3556 414 3618 uidet
443 3556 568 3618 bonum
598 3557 633 3619 in
655 3559 865 3638 cogitatione
888 3577 957 3630 sua,
982 3559 1108 3622 bonum
1131 3558 1220 3620 enirn
1244 3567 1281 3620 ut
1312 3555 1436 3622 ditium

319 3660 372 3714 est
395 3650 497 3712 modo
515 3651 671 3726 sentitur,
690 3662 726 3715 et
749 3654 894 3716 sentitur
917 3653 979 3715 sub
997 3653 1090 3715 varia
1108 3655 1221 3734 specie
1236 3651 1383 3732 jucundi,
1403 3663 1438 3716 et

319 3743 396 3826 quia
417 3744 520 3807 homo
543 3765 611 3806 non
629 3747 778 3808 attendit
802 3747 845 3809 ad
869 3767 1013 3829 eaquae
1036 3749 1069 3809 in
1093 3748 1303 3828 cogitatione
1322 3749 1436 3822 sentit,

319 3838 379 3901 sed
401 3858 487 3920 quae
509 3839 554 3901 ibi
577 3840 681 3914 videt,
704 3841 781 3904 ideo
804 3861 905 3904 omne
932 3842 965 3904 id
995 3849 1097 3904 vocat
1126 3842 1254 3904 bonurn
1276 3842 1368 3923 quod
1392 3862 1436 3905 ex

314 3932 463 4012 jucundo
482 3934 607 4012 sentit3
630 3944 730 3998 etex
751 3934 901 4015 jucurnlo
919 3937 1024 4000 sentit
1044 3935 1179 4008 malurn,
1199 3936 1276 4017 quia
1298 3935 1362 3999 hoc
1386 3936 1437 3999 in·

318 4038 518 4106 generatum
536 4037 590 4091 est
610 4048 655 4091 ex
679 4030 870 4104 nativitate,
891 4040 926 4093 et
949 4030 1101 4113 procedit
1124 4049 1170 4093 ex
1191 4047 1307 4092 amore
1329 4031 1379 4092 sui
1402 4038 1438 4095 et

318 4121 443 4183 mundi
487 4121 582 4185 Haec
596 4143 697 4186 causa
708 4133 772 4196 est,
785 4125 878 4206 quod
890 4125 1061 4187 nesciatur
1071 4124 1162 4206 quod
1174 4124 1300 4186 bonum
1312 4126 1438 4188 amoris

318 4215 362 4276 sit
382 4233 484 4278 omne
507 4215 601 4279 Caeli
623 4227 659 4280 et
682 4216 870 4292 Ecclesiae,
891 4229 926 4281 et
949 4218 1041 4300 quod
1062 4219 1126 4280 hoc
1150 4219 1184 4281 in
1207 4217 1345 4281 homine
1368 4235 1436 4281 non

318 4307 438 4370 sitnisi
452 4329 473 4371 a
489 4309 648 4385 Domino,
661 4321 698 4374 et
710 4313 800 4394 quod
816 4331 885 4375 non
899 4312 1015 4375 influat
1031 4333 1051 4375 a
1068 4311 1216 4390 Domino
1228 4312 1318 4394 apud
1334 4311 1436 4375 alium

317 4421 419 4483 quam
431 4405 486 4484 qui
501 4403 587 4485 sugit
603 4405 693 4468 mala
708 4425 784 4470 cum
794 4406 949 4485 jucundis
962 4425 1077 4469 eorum
1094 4415 1130 4468 ut
1146 4415 1299 4488 peccata.
1339 4405 1434 4470 Haec

318 4505 397 4558 sunt
419 4516 505 4578 quae
531 4498 767 4580 intelliguntur
793 4519 852 4582 per
879 4498 1015 4562 Domini
1042 4500 1154 4574 verba,
1179 4499 1270 4582 quod
1296 4498 1374 4564 Lex
1400 4510 1435 4564 et

319 4589 508 4672 Prophetae
524 4594 696 4674 pendeant
715 4613 736 4657 a
753 4595 884 4657 duobus
903 4595 1073 4661 mandatis
1091 4595 1153 4671 his,
