3384 5400
532 671 611 724 cnr.
629 671 729 734 xvn,
746 669 849 721 vans.
870 667 995 719 ro-n
1011 668 1084 736 737.
1304 651 1367 732 633

248 847 358 912 Sensu
371 844 514 911 naturali
530 853 565 909 et
582 861 649 908 non
666 843 698 906 in
711 840 885 924 spirituali,
902 849 954 903 est
971 838 1048 921 quia
1064 835 1190 901 Sensus
1206 834 1369 899 naturalis

247 947 304 1006 est
324 943 425 1017 basis,
449 940 627 1004 continens
650 947 685 1001 et
708 935 958 1000 firmamentum
981 931 1107 996 Sensus
1130 930 1309 1014 spiritualis
1332 941 1368 992 et

247 1033 407 1100 caelestis
435 1034 516 1116 ejus,
540 1033 694 1096 videatur
722 1027 887 1094 Dotlrr'na
914 1027 1031 1090 Novae
1051 1022 1300 1104 Hierosolyma
1328 1023 1369 1085 de

249 1123 432 1211 Scriptura
451 1129 559 1192 Sacra
582 1126 629 1209 (n.
649 1124 789 1207 27-49);
820 1139 924 1207 quare
946 1123 1050 1185 etiarn
1068 1119 1368 1200 interpretationes

249 1225 337 1289 alibi·
359 1225 397 1286 in¹
416 1223 534 1288 Verbo
555 1222 657 1284 datae
680 1229 758 1282 sunt
788 1218 822 1281 in
845 1216 953 1280 Sensu
977 1213 1135 1286 naturali,
1155 1229 1241 1294 quae
1263 1231 1368 1293 usque

249 1327 322 1384 non
338 1327 480 1401 pessum
502 1317 640 1380 interius
659 1313 804 1394 intelligi
826 1312 889 1374 nisi
911 1327 972 1392 per
989 1308 1138 1372 Sensum·
1148 1305 1367 1388 spiritualem,

249 1423 288 1478 ut
305 1413 410 1476 vid'eri
428 1421 543 1494 potest
559 1409 647 1493 apud
672 1408 868 1490 Prophetas,
887 1415 922 1469 et
941 1420 1075 1487 quoque
1095 1401 1184 1484 apud
1208 1394 1370 1481 Evange-

248 1510 347 1572 lis'tas
363 1506 482 1570 multis
496 1506 536 1568 in·
550 1505 641 1568 locis.

256 1633 261 1654 ¹
307 1611 401 1694 731.
430 1605 582 1690 ‘murm
591 1603 697 1687 eapite
712 1604 828 1668 'unm
848 1607 924 1667 eunt
940 1605 1068 1683 ceptam
1084 1599 1138 1663 ubi
1155 1598 1264 1661 'ulier
1280 1599 1374 1661 sodet

248 1699 448 1782 superlitis?
467 1707 554 1777 [vers.
570 1705 621 1774 ro.]
640 1702 701 1759 ‘ot
708 1695 809 1778 Repu
820 1699 937 1774 septem
945 1687 1228 1772 tunt,''signitieat
1238 1688 1373 1750 Divina

248 1793 343 1856 Bona
364 1803 396 1856 et
417 1789 544 1854 Divina
571 1787 656 1852 Vera
679 1785 785 1861 Verbi,
809 1795 911 1866 super
932 1783 1050 1868 quibus
1072 1780 1277 1862 Religiosum
1302 1777 1331 1843 C
1331 1801 1369 1842 a·

249 1887 367 1952 tholico
377 1885 565 1950 Romanum
570 1883 756 1964 fundatum
770 1891 829 1955 est,
850 1888 994 1960 tempore
1008 1873 1178 1940 destrulia
1191 1882 1224 1937 et
1237 1867 1370 1936 tandem

244 1977 687 2072 propleuma—Quoniam
719 1998 777 2059 per
797 1975 976 2038 “Bestiam
1000 1968 1219 2035 coccineam”
1241 1967 1369 2048 signifi·

250 2089 347 2142 catur
362 2076 524 2150 Verbum,
541 2083 577 2136 et
592 2073 669 2136 ideo
685 2093 743 2154 per
759 2062 934 2152 “Capita''
949 2067 1018 2148 ejus
1034 2063 1265 2147 significantur
1281 2063 1371 2125 bona

250 2173 373 2235 amoris
385 2181 420 2234 et
433 2185 516 2233 vera
524 2168 710 2249 sapientiae
723 2167 778 2239 ibi,
792 2183 894 2248 quare
907 2163 1069 2234 Verbum,
1082 2158 1182 2242 quale
1193 2168 1246 2222 est
1259 2157 1371 2239 quoad

250 2268 308 2330 illa
327 2267 394 2330 duo
412 2264 500 2348 apud
519 2263 596 2326 illos
614 2261 674 2344 qui·
692 2279 751 2344 per
770 2255 1034 2340 “Babylonem”
1052 2252 1296 2335 intelliguntur,
1316 2251 1370 2314 hic

252 2362 464 2433 describitur,
485 2358 644 2422 Divinum
669 2355 799 2418 Bonum
822 2355 945 2418 amoris
968 2353 1013 2416 ibi
1035 2369 1094 2434 per
1117 2344 1313 2422 “Montes‘’
1335 2356 1371 2408 et

254 2457 550 2524 Divinum'Verum
564 2457 608 2519 ibi
621 2473 679 2538 per
690 2463 709 2486 “
720 2453 863 2535 Reges.”
885 2450 985 2534 Quod
999 2457 1085 2534 per“
1096 2449 1233 2513 Montes
1240 2449 1255 2475 ’⁸
1265 2451 1370 2531 signi·

255 2555 399 2618 ficentur
414 2554 504 2617 bona
518 2552 653 2623 amoris,
670 2549 823 2642 videatur
841 2546 888 2628 (n.
906 2546 976 2626 336,
991 2545 1204 2626 339,7.141⁶.1):
1229 2554 1263 2608 et
1279 2547 1371 2627 quod

254 2655 313 2735 per
326 2639 493 2732 ‘'Reges'‘
505 2643 736 2731 significentur
747 2659 827 2707 vera
839 2642 1026 2725 sapientiae
1040 2637 1086 2723 (n.
1101 2649 1152 2716 20,
1162 2639 1235 2719 664,
1246 2637 1348 2722 7041'1)
1362 2660 1370 2717 ;

252 2754 289 2809 et·
307 2746 396 2827 quod
413 2760 472 2827 per
488 2739 658 2829 “Caput''
673 2745 753 2809 dum
773 2738 815 2809 de
832 2744 991 2819 Domino,
1008 2742 1216 2827 significetur
1232 2741 1372 2804 Divinus

254 2839 363 2903 Amor
375 2838 516 2903 Divinae
528 2838 720 2922 Sapientiae
732 2862 772 2905 ac
786 2841 909 2904 Divina
922 2839 1095 2922 Sapientia
1107 2832 1220 2901 Divini
1234 2836 1373 2899 Amoris

254 2932 362 3015 ipsius
379 2920 425 3015 (n.
437 2938 489 3015 47',
506 2934 575 3016 538,
591 2930 715 3017 568⁰¹);
738 2944 773 2998 et
790 2935 879 3018 quod
897 2956 955 3017 per
968 2932 1155 3017 “septem''
1166 2928 1373 3013 significetur

253 3040 354 3091 om'ne
372 3038 407 3092 et
426 3029 644 3112 completum,
664 3037 700 3092 et'
719 3030 809 3112 quod
828 3030 983 3093 dicantur
1001 3029 1043 3091 d'e
1063 3029 1161 3092 rebus
1180 3022 1304 3090 sanctis
1325 3026 1372 3105 (n.

257 3136 304 3195 10,
326 3134 397 3203 391,
415 3118 516 3209 657);
550 3132 586 3186 et
604 3124 694 3206 quod
718 3144 777 3205 per
797 3128 816 3155 ‘¹
829 3122 1004 3186 Mulierem
1016 3122 1031 3147 ”
1053 3120 1260 3203 significetur
1279 3120 1372 3182 Reli·

253 3216 384 3297 giosum
402 3214 581 3282 Catholico
597 3217 789 3282 Romanum
808 3216 855 3299 (n.
868 3218 945 3299 723)
960 3240 967 3295 3
991 3216 1069 3280 inde
1085 3234 1172 3279 nunc
1190 3234 1248 3298 per
1268 3221 1374 3296 “sep-

254 3320 323 3373 tem
348 3306 469 3394 Capita
492 3308 629 3375 Montes
653 3324 731 3377 sunt
754 3324 898 3394 septem,
923 3312 976 3374 ubi
1001 3309 1121 3374 Mulier
1148 3310 1244 3373 sedet
1274 3321 1374 3391 super

253 3404 347 3480 illis,”
362 3406 592 3487 significantur
608 3408 730 3470 Divina
744 3406 838 3470 Bona
853 3418 889 3470 et
906 3404 1028 3469 Divina
1041 3404 1133 3468 Vera
1146 3404 1260 3477 Verbi,
1274 3424 1373 3485 super

254 3500 373 3581 quibus
384 3500 593 3582 Religiosum
604 3500 783 3565 Catholico
794 3500 986 3564 Romanurn
997 3500 1172 3562 fundatum
1183 3508 1236 3562 est
1248 3519 1256 3576 ;
1273 3519 1374 3563 causa

254 3602 317 3668 e'st,
341 3594 418 3677 quia
447 3596 491 3657 ab
520 3594 579 3658 illo
602 3596 777 3679 Religioso
809 3606 921 3659 totum
945 3594 1095 3658 Verbum
1124 3593 1373 3677 prophanatum

254 3698 289 3751 et
315 3688 542 3752 adulteratum
570 3700 633 3765 est,
661 3691 703 3753 de
730 3711 796 3773 quo
822 3711 922 3772 supra
950 3688 996 3770 (n.
1023 3704 1096 3769 717,
1119 3703 1275 3769 719-721,
1299 3703 1372 3768 723,

254 3780 425 3865 728-7'30).
477 3780 607 3847 Dicitur
637 3793 780 3865 tempore
806 3784 1067 3865 prophanatmrt,
1095 3783 1251 3865 quoniam
1282 3784 1373 3865 prin·

255 3877 340 3958 cipio
369 3876 430 3941 suit
457 3874 607 3941 Verbum
637 3878 702 3941 illis
731 3874 907 3942 sanctum:
946 3878 1005 3942 sed
1036 3878 1122 3940 sicut
1152 3876 1306 3939 viderunt
1337 3897 1374 3939 se

255 3972 403 4052 potuisse
425 3971 588 4035 dominari
612 3972 811 4055 persancte
834 3972 1018 4047 Ecclesiae,
1042 3992 1063 4035 a
1085 3969 1202 4034 Verbo
1225 3989 1373 4034 recesse-

254 4074 341 4138 runt,
358 4081 397 4127 ac
417 4076 478 4147 pro
493 4062 612 4130 sancto
623 4068 764 4150 aequali,
778 4077 813 4131 at
830 4068 966 4132 realiter
977 4068 1147 4148 superiori,
1161 4077 1373 4147 agnoverunt

255 4160 388 4240 propria
406 4156 538 4239 Edicta,
560 4160 743 4244 Praecepta
766 4172 800 4226 et
825 4161 983 4240 Statuta;
1015 4172 1050 4225 et
1074 4161 1214 4224 tandem
1237 4177 1373 4223 ornnem

255 4262 463 4334 potestatem
486 4252 623 4319 Domini
653 4258 687 4319 in
713 4277 749 4320 se
776 4248 1033 4333 transtulerunt,
1058 4275 1125 4319 non
1153 4250 1373 4336 relinquendo

255 4345 388 4430 aliquid}
433 4342 489 4411 Ex
508 4360 600 4414 statu
623 4350 754 4415 illorum
774 4350 892 4434 primo,
911 4352 1047 4435 quando
1070 4343 1224 4413 sancium
1247 4348 1373 4411 habue-

254 4451 331 4506 runt
351 4440 513 4519 Verbum,
532 4454 585 4508 est
608 4446 697 4528 quod
718 4446 860 4522 Luciler,
880 4457 938 4529 per
961 4464 1061 4528 quern
1084 4442 1283 4525 intelligitur
1306 4441 1372 4504 Ba·

254 4534 309 4599 bel
330 4535 377 4618 (n.
397 4537 485 4621 717),
505 4532 614 4602 dictus
637 4542 680 4604 sit
701 4538 814 4603 “lilius
832 4540 1001 4613 aurorae,”
1018 4548 1054 4603 at
1078 4559 1122 4601 ex
1146 4548 1237 4601 statu
1256 4546 1372 4619 poste-

253 4630 340 4706 riori,
357 4630 658 4714 quod‘“demissus
674 4636 717 4698 sit
736 4636 769 4697 in
790 4633 982 4698 Infernum”
1000 4631 1108 4718 (Esaj.
1125 4632 1231 4716 xiv.);
1254 4630 1313 4693 sed
1330 4630 1373 4692 de
