3384 5400
508 740 587 791 cap.
605 740 814 804 xx1.,vans.
835 742 961 793 ra-N.
979 730 1049 811 898.
1278 733 1340 813 807

218 909 294 993 quia
309 908 461 974 Verbum
477 896 511 974 in
527 910 634 975 Sensu
653 910 771 975 literae
787 912 974 977 translucet
990 934 1035 977 ex
1052 912 1160 977 Sensu
1177 914 1339 998 spirituali

217 1004 297 1086 ejus,
328 1005 449 1069 dicitur
476 1005 606 1088 “jaspis
634 1008 741 1069 instar
767 1008 920 1089 crystalli
947 1008 1158 1091 splendens”
1219 1007 1340 1073 Omnis

217 1100 398 1164 illustratio
413 1120 499 1183 quae
514 1111 567 1164 est
583 1100 648 1164 illis
660 1102 715 1184 qui
733 1102 767 1164 in
784 1101 914 1165 Divinis
931 1103 1031 1166 Veris
1047 1124 1066 1165 a
1082 1102 1232 1167 Domino
1247 1114 1338 1179 sunt,

217 1205 269 1259 est
287 1195 376 1259 inde.

275 1287 379 1368 898.
409 1297 495 1366 [Vm.
516 1297 569 1365 ra]
600 1286 796 1351 “Heluorum
822 1309 942 1352 murum
972 1309 1114 1374 maguum
1144 1296 1180 1353 oi
1208 1290 1340 1364 ultum,''

216 1380 384 1462 significat
411 1379 552 1444 Verbum
574 1380 609 1444 in
633 1380 740 1445 Sensu
762 1381 879 1446 literae
899 1404 943 1446 ex
964 1404 1026 1464 quo
1048 1382 1200 1447 dotln'na
1223 1383 1341 1447 Novae

215 1473 517 1539 Ecclesiae-Cum
539 1495 599 1557 per
618 1477 765 1541 “urbem
787 1474 943 1541 saniiam
968 1476 1243 1559 Hierosolymam
1253 1478 1268 1503 ”
1286 1478 1337 1542 in·

215 1569 380 1653 telligitur
413 1570 511 1633 Nova
545 1569 682 1633 Domini
716 1570 873 1635 Ecclesia
902 1573 1014 1654 quoad
1047 1570 1247 1649 dollrinam
1278 1594 1338 1656 per

216 1664 401 1729 “murum’'
430 1663 501 1746 ejus
531 1685 600 1728 non
630 1664 720 1728 aliud
755 1665 956 1748 intelligitur
986 1686 1087 1749 quam
1118 1665 1271 1734 Verbum
1304 1670 1338 1732 in

215 1757 324 1823 Sensu
346 1760 474 1835 literae,
498 1780 542 1823 ex
565 1780 633 1843 quo
656 1757 829 1839 doitrina3
864 1760 921 1825 ille
944 1761 1033 1825 enim
1057 1760 1183 1825 Sensus
1207 1773 1339 1827 tutatur

215 1854 358 1919 Sensum
377 1853 596 1937 spiritualem,
615 1855 672 1937 qui
693 1856 784 1919 intus
807 1854 904 1931 latet,
924 1857 1010 1919 sicut
1030 1876 1142 1921 murus
1161 1859 1278 1923 urbem
1301 1870 1337 1923 et

214 1950 423 2013 habitatores
441 1948 520 2029 ejus.
566 1948 666 2031 Quod
686 1948 811 2013 Sensus
831 1950 949 2015 literae
969 1952 1012 2014 sit
1036 1952 1136 2027 basis,
1156 1954 1337 2017 continens

214 2054 249 2109 et
261 2042 511 2107 firmamentum
524 2040 650 2107 Sensus
663 2045 844 2127 spiritualis
858 2046 937 2127 ejus,
952 2048 1106 2111 videatur
1125 2048 1158 2113 in
1173 2047 1337 2113 Doctrina

213 2138 330 2203 Nouae
346 2138 595 2221 Hierosolymae
611 2139 652 2203 de
670 2138 848 2220 Scriptura
867 2140 973 2205 Sacra
998 2140 1044 2223 (n.
1062 2142 1203 2225 27-36);
1227 2145 1335 2226 quod-

214 2255 279 2318 que
308 2233 366 2299 ille
396 2233 521 2298 Sensus
551 2234 596 2298 sit
627 2236 794 2311 custodia,
822 2256 865 2299 ne
896 2235 1020 2300 Divina
1043 2236 1136 2301 Vera
1165 2240 1334 2313 interiora,

213 2350 300 2412 quae
329 2340 408 2394 sunt
438 2328 565 2394 Sensus
594 2330 776 2413 spiritualis
803 2330 884 2412 ejus,
908 2330 1088 2405 laedantur
1116 2330 1163 2413 (n.
1186 2349 1227 2413 97
1251 2332 1333 2416 ibi):

214 2437 286 2490 tum
305 2426 395 2509 quod
418 2422 583 2489 Doctrina
602 2425 778 2489 Ecclesiae
797 2447 842 2489 ex
862 2422 970 2490 Sensu
990 2426 1108 2491 literae
1127 2425 1232 2490 Verbi
1251 2428 1334 2492 hau-

213 2522 331 2587 rienda
352 2522 406 2596 sit,
425 2531 462 2585 et
485 2520 655 2603 perillum
675 2520 907 2585 confirmanda
932 2520 978 2602 (n.
1001 2520 1098 2603 50-61
1125 2520 1196 2604 ibi).
1242 2522 1334 2586 Dici·

214 2629 268 2681 tur
290 2622 433 2679 “murus
463 2636 609 2698 magnus
639 2626 675 2679 et
703 2615 824 2691 altus,”
848 2617 926 2701 quia
955 2616 1159 2698 intelligitur
1182 2614 1334 2681 Verbum

153 2754 157 2760 -
213 2713 325 2797 quoad
352 2713 510 2776 Divinum
536 2711 668 2775 Bonum
695 2721 731 2776 et
757 2712 916 2775 Divinum
940 2710 1090 2790 Verum;
1121 2718 1140 2744 ‘⁴
1150 2732 1311 2795 magnum
1320 2713 1335 2738 ”

213 2810 302 2873 enim
326 2808 536 2890 praedicatur
559 2807 602 2870 de
628 2808 729 2881 bono,
752 2818 788 2870 et
813 2807 948 2870 “altum
957 2806 972 2831 ”
995 2808 1037 2871 de
1060 2828 1152 2884 vero,
1176 2819 1212 2872 ut
1235 2829 1336 2892 supra

215 2903 262 2985 (n.
279 2901 367 2985 896).
413 2902 475 2964 Per
492 2907 652 2965 “murum
661 2901 676 2926 ”
692 2901 900 2983 significatur
916 2903 949 2965 id
966 2904 1056 2984 quod
1073 2912 1214 2978 tutatur,
1227 2913 1262 2968 et
1279 2903 1335 2966 ubi

214 2999 256 3063 dc
286 2997 451 3072 Ecclesia,
475 2993 685 3078 significatur
703 2995 855 3061 Verbum
887 2998 920 3060 in
951 2995 1060 3062 Sensu
1090 2997 1208 3062 literae
1231 2998 1334 3062 etiam

213 3095 247 3158 in
264 3092 483 3176 sequentibus
502 3091 605 3155 locis:

264 3243 283 3267 ‘⁶
292 3241 379 3304 Super
387 3239 482 3290 Muros
493 3248 563 3299 tuoe.
578 3239 779 3303 Hierosolyma,
792 3239 919 3290 constitui
932 3241 1071 3298 custodes:
1092 3241 1135 3290 die
1147 3251 1174 3290 et
1185 3237 1265 3291 noete
1277 3255 1333 3290 non

344 3309 478 3365 tacebunt,
492 3316 735 3356 commemorantes
742 3305 878 3421 {chorram
886 3305 900 3326 '¹
913 3305 997 3386 (Eraj.
1012 3304 1120 3384 lxii.·(>);

264 3372 432 3423 “Voosbunt
446 3383 473 3421 te
486 3370 586 3421 Urbem
599 3371 728 3437 jehovae,
764 3386 853 3421 ionem
873 3370 964 3421 Sandis
982 3372 1106 3430 Israelis;
1124 3381 1151 3421 et
1167 3373 1274 3422 vooabls
1292 3387 1335 3421 sa-

344 3438 427 3488 lutem
440 3437 535 3488 Muros
546 3447 616 3497 tuos,
627 3449 655 3488 et
665 3449 757 3502 portas
769 3447 829 3487 tuas
841 3438 947 3487 laudem
955 3437 970 3458 ”
979 3437 1063 3502 (Esaj.
1075 3437 1111 3488 lx.
1125 3449 1164 3496 14.
1177 3435 1234 3500 18);

260 3503 383 3620 Ῑοῑιονίῗὴ
390 3505 504 3635 οἶὶἑῗίη
515 3502 622 3634 gyrum
630 3505 700 3568 ignis
708 3505 816 3563 circum,
825 3512 853 3553 et
861 3507 889 3552 in
898 3503 1011 3566 glorium
1021 3504 1048 3552 in
1059 3503 1148 3552 medio
1155 3502 1214 3566 eius
1223 3502 1237 3522 ”
1245 3501 1331 3566 (Such.

364 3585 399 3634 ‚9
449 3608 455 3621 .
496 3608 502 3620 .
563 3607 570 3628 ,

270 3631 351 3686 “Filii
362 3635 463 3686 Arvudi
480 3651 562 3699 super
574 3634 659 3686 Muris
672 3636 733 3692 tuis,
747 3645 774 3684 et
785 3633 960 3684 Gammsdaei
979 3634 1176 3696 suspenderunt
1191 3643 1269 3684 scuta
1286 3647 1335 3683 sua

344 3717 425 3766 super
448 3702 533 3752 Muris
553 3701 731 3760 circumcirca,
751 3710 777 3750 et
801 3700 971 3764 per‘lecerunt
993 3699 1217 3763 pulchritudinem
1238 3709 1310 3749 tuam
1319 3699 1334 3720 '⁹

342 3767 444 3830 (Erech.
456 3769 537 3818 mii.
554 3769 610 3829 11);

215 3919 298 3984 baec
316 3917 360 3990 de
378 3915 482 4000 Tyro,
498 3935 673 4001 perquam
688 3912 897 3998 significatur
912 3913 1068 3979 Ecclesia
1084 3913 1195 3997 quoad
1214 3916 1314 3997 cogni

217 4015 326 4078 tiones
343 4013 414 4091 veri
432 4033 477 4076 ex
496 4011 622 4075 Verbo.

264 4159 437 4212 '‘Discurrlte
448 4175 497 4223 per
507 4158 609 4222 plateas
622 4157 837 4221 Hierosolymae,
852 4167 879 4208 et
896 4158 984 4208 videte
1000 4157 1024 4207 si
1042 4157 1076 4207 sit
1094 4171 1224 4222 quaerens
1237 4157 1334 4208 uerita-

342 4237 416 4286 tem3
431 4225 568 4275 ascendite
579 4226 607 4273 in
620 4223 714 4274 Muros
724 4224 794 4286 ejus,
804 4233 832 4273 et
843 4223 971 4287 dejicite''
984 4225 1091 4288 (Jerm.
1103 4237 1128 4274 v.
1142 4235 1164 4283 ι,
1178 4223 1234 4285 10);

264 4287 1333 4418 ”mellentensis‚lugetilnltsssst‘wllt‘etilieti·

264 4487 323 4540 “lu
336 4423 577 4547 tliilbrmmnt,
590 4485 619 4535 in
637 4484 717 4535 Mnro
728 4493 843 4546 current,
858 4485 886 4535 in
903 4484 999 4535 domos
1011 4481 1165 4544 ascendent,
1179 4497 1228 4548 per
1244 4482 1332 4536 ienes-

343 4563 399 4604 tras
410 4553 592 4617 ingredientur
598 4551 614 4573 ”
624 4552 700 4618 (Joel
707 4552 734 4602 ii.
745 4551 772 4616 9)
781 4563 789 4612 ς

216 4697 297 4764 baec
315 4699 359 4764 de
377 4695 662 4762 falsificationibus
679 4695 759 4761 veri.
