3384 5400
352 669 413 734 772
676 666 923 717 unocacrnsrs
945 666 1157 717 usvenans.

353 859 422 904 non
438 838 562 901 desinit
581 838 614 901 in
633 858 745 920 opera,
762 838 832 900 sive
851 838 983 900 interna
999 857 1084 919 quae
1100 835 1224 900 mentis
1243 837 1313 900 sive
1329 846 1472 902 externa

353 953 439 1015 quae
461 932 622 1015 corporis,
642 952 710 995 non
733 941 811 994 sunt
841 932 875 994 in
904 932 973 993 vita
996 931 1152 1005 hominis,
1176 930 1318 993 influunt
1341 932 1432 994 enim
1454 953 1472 995 e

354 1027 484 1089 Mundo
505 1028 692 1108 spirituum,
716 1026 776 1089 sed
806 1044 874 1089 non
898 1024 1123 1107 recipiuntur;
1155 1044 1257 1107 quare
1280 1034 1360 1087 sunt
1388 1027 1471 1089 sicut

353 1122 517 1203 imagines
536 1141 621 1203 quae
639 1122 811 1201 stringunt
830 1118 958 1193 oculos,
976 1129 1011 1183 et
1030 1120 1116 1183 sicut
1135 1120 1256 1183 odores
1276 1120 1331 1201 qui
1350 1119 1472 1183 feriunt

353 1236 462 1291 nares,
480 1236 501 1277 a
519 1216 638 1296 quibus
656 1214 759 1277 homo
778 1215 901 1277 avertit
920 1213 1059 1277 faciem:
1090 1214 1150 1277 sed
1173 1212 1268 1295 plura
1287 1215 1330 1277 de
1353 1214 1404 1277 his
1423 1215 1472 1275 vi-

352 1312 497 1373 deantur
526 1310 558 1373 in
589 1308 673 1373 locis
702 1328 801 1390 supra
823 1308 947 1382 citatis,
967 1308 1024 1371 ubi
1053 1309 1156 1371 etiam
1179 1307 1290 1389 aliqua
1321 1308 1397 1372 loca
1427 1310 1486 1370 ex'

353 1404 471 1467 Verbo
496 1401 643 1467 addudta
669 1413 746 1465 sunt
777 1400 1012 1465 confirmantia
1038 1402 1127 1483 quod
1158 1402 1260 1466 homo
1287 1402 1472 1465 secundum

352 1519 456 1579 opera
470 1497 646 1579 judicetur.
691 1496 828 1559 Praeter
846 1495 904 1559 illa
923 1498 989 1559 sint
1009 1498 1112 1560 etiam
1131 1496 1214 1560 haec
1234 1517 1278 1559 ex
1299 1496 1424 1559 Paulo:

404 1645 463 1695 “ln
480 1647 523 1696 die
541 1647 596 1695 irae
613 1653 640 1694 et
655 1644 828 1695 revelationis
840 1644 904 1707 iusti
922 1644 1013 1708 judicil
1031 1644 1089 1704 Dei,
1105 1644 1157 1708 Qui
1169 1646 1262 1695 reddet
1273 1645 1417 1711 unicuique
1432 1662 1473 1697 se·

486 1713 601 1761 eundum
614 1711 704 1774 Opera
715 1711 774 1773 ejus
782 1710 796 1730 ”
805 1712 888 1769 (Rom.
901 1710 926 1760 ii.
939 1722 961 1771 5,
973 1711 1014 1771 6);

404 1777 534 1827 “Omnes
554 1792 605 1826 nos
622 1777 787 1827 manifestari
804 1786 911 1838 oportet
928 1790 1018 1825 coram
1036 1776 1160 1826 tribunall
1179 1775 1286 1831 Christi,
1305 1786 1335 1826 ut
1355 1786 1472 1840 reportet

484 1844 594 1906 quilibet
610 1857 722 1905 eaquae
739 1855 903 1905 percorpus,
917 1856 967 1905 pro
978 1851 1008 1891 ut
1025 1857 1058 1891 ea
1074 1842 1145 1901 lecit,
1161 1842 1218 1891 sive
1235 1844 1334 1891 bonum
1347 1844 1405 1892 sive
1418 1858 1470 1891 ma-

484 1910 539 1957 lum
548 1908 562 1927 '’
574 1908 600 1969 (a
611 1908 723 1959 Muti.
734 1923 760 1958 v.
774 1907 822 1971 ιο).
1136 1920 1141 1931 ’

412 2058 518 2140 869.
542 2069 626 2136 [Vera
641 2068 694 2135 ¹3·]
719 2058 785 2121 “fl
809 2057 893 2121 uouit
910 2058 995 2121 lure
1016 2075 1071 2121 θοι
1095 2058 1150 2140 qul
1171 2058 1202 2121 e'n
1228 2058 1279 2121 illo
1298 2060 1470 2133 morluot,''

353 2151 522 2234 significat
544 2150 692 2215 iomanes
713 2149 879 2213 Ecclesiae
899 2159 1050 2213 externos
1072 2160 1104 2212 et
1126 2151 1297 2215 naturales
1318 2172 1468 2215 convoca·

354 2257 406 2310 tos
434 2246 484 2310 ad
497 2245 782 2329 Juda'ciume—Per
805 2244 949 2308 “mare”
972 2243 1177 2327 significatur
1200 2254 1380 2309 externum
1403 2245 1468 2309 Ec-

353 2341 488 2415 clesiae,
507 2340 597 2423 quod
617 2350 669 2403 est
689 2338 863 2416 naturale;
894 2339 971 2401 inde
991 2359 1049 2420 per
1072 2338 1148 2402 illos
1167 2360 1251 2421 quos
1271 2346 1391 2404 “mare
1410 2342 1468 2404 de·

353 2436 426 2501 dit”
445 2432 676 2517 significantur
693 2434 847 2497 homines
867 2432 1041 2497 Ecclesiae
1063 2435 1197 2497 externi
1220 2445 1255 2498 et
1278 2436 1468 2513 naturales;

353 2523 444 2613 quod
479 2527 622 2594 “mare‘'
655 2526 821 2609 significet
855 2539 1034 2593 externum
1072 2528 1258 2603 Ecclesiae,
1291 2530 1383 2611 quod
1418 2541 1469 2594 est

354 2624 516 2697 naturale,
548 2623 700 2687 videatur
730 2642 829 2704 supra
862 2620 908 2704 (n.
940 2624 1010 2702 238,
1035 2638 1097 2703 239
1118 2620 1183 2695 fin..
1204 2620 1467 2706 402-405¹,¹¹·470,

356 2720 458 2801 5694,
484 2715 571 2800 5678]
593 2710 666 2798 659,
684 2717 784 2800 661);
817 2738 876 2800 per
896 2724 1075 2782 “mortuos
1084 2717 1099 2742 '⁹
1117 2717 1352 2800 intelliguntur
1374 2721 1429 2802 qui
1451 2741 1470 2783 e

353 2815 452 2878 terris
481 2814 604 2876 mortui
634 2823 743 2886 erant,
774 2822 810 2875 ut
841 2831 940 2894 supra
972 2811 1018 2892 (n.
1050 2811 1121 2885 866,
1146 2811 1234 2894 868).
1280 2811 1382 2893 Quod
1412 2834 1471 2897 per

354 2918 538 2973 “mortuos
557 2929 640 2991 quos
663 2909 758 2970 dedit
778 2907 899 2982 mare,'’
918 2905 1155 2988 intelligantur
1173 2907 1327 2971 homines
1347 2907 1468 2972 Eccle-

352 3005 422 3066 siae
452 3004 597 3072 externi,
628 3012 680 3066 est
710 3003 788 3084 quia
817 3021 886 3064 non
919 3001 973 3064 alii
1004 3001 1144 3082 judicati
1175 3011 1253 3065 sunt
1284 3022 1384 3084 quam
1415 3005 1469 3086 qui

352 3101 386 3162 in
414 3097 526 3180 aliquo
552 3096 645 3160 cultu
671 3096 823 3172 fuerunt3
856 3115 974 3158 omnes
996 3097 1086 3159 enim
1114 3095 1161 3158 illi
1188 3097 1243 3178 qui
1271 3109 1469 3178 spreverunt

352 3191 471 3256 sancta
489 3191 674 3262 Ecclesiae.
695 3200 729 3252 et
750 3201 960 3272 negaverunt
985 3189 1105 3264 Deum,
1124 3189 1274 3252 Verbum
1297 3199 1332 3253 et
1352 3191 1467 3254 Vitam

352 3298 430 3370 post
455 3297 611 3357 mortem,
633 3285 771 3366 judicati
795 3295 875 3348 sunt
900 3285 1016 3346 statim
1042 3294 1120 3366 post
1147 3295 1303 3358 mortem,
1327 3295 1363 3348 et
1387 3306 1467 3349 con·

348 3378 453 3463 juncti
476 3380 542 3443 illis
564 3380 618 3461 qui
642 3381 674 3442 in
699 3379 833 3442 Inferno
856 3389 964 3452 erant,
984 3399 1050 3460 quo
1069 3379 1146 3442 dein
1166 3377 1286 3459 dejecti
1305 3389 1404 3458 sunt;
1433 3390 1468 3444 at

352 3476 398 3539 illi
421 3477 476 3557 qui
500 3475 634 3538 externi
657 3484 691 3537 et
715 3473 885 3536 naturales
904 3472 1057 3536 homines
1080 3473 1223 3547 luerunt,
1243 3484 1277 3536 et
1301 3494 1359 3536 ore
1382 3475 1467 3538 tule-

351 3580 429 3633 runt
455 3569 545 3651 qdod
576 3567 751 3650 Deus-sit,
782 3568 873 3650 quod
900 3567 1039 3631 Caelum
1069 3577 1105 3630 et
1136 3567 1304 3630 Infernum
1332 3570 1410 3644 sint,
1433 3579 1467 3632 et

351 3665 498 3747 quodam
518 3663 620 3726 modo
638 3671 849 3744 agnoverunt
869 3661 1030 3736 Verbum,
1050 3660 1097 3724 illi
1120 3672 1197 3724 sunt
1217 3661 1271 3743 qui
1291 3664 1467 3726 convocati

351 3769 448 3822 erant
471 3758 514 3820 ad
541 3756 710 3838 judicium.
755 3755 811 3819 Ex
841 3755 893 3819 his
923 3757 1045 3837 quiex
1070 3755 1333 3830 “mari’'erant,
1358 3757 1466 3838 plures

351 3851 474 3916 salvati
497 3861 595 3927 sunt;
630 3871 707 3914 nam
732 3871 798 3912 non
822 3849 946 3932 legitur
969 3849 1059 3932 quod
1083 3869 1200 3912 omnes
1226 3849 1273 3912 illi
1298 3847 1467 3931 “conjeffi

350 3948 418 4009 sint
437 3947 470 4008 in
487 3955 647 4027 stagnum
663 3943 778 4026 ignis,”
796 3945 882 4007 sicut
900 3943 1024 4006 “Mors
1043 3953 1078 4006 et
1098 3943 1249 4006 Infernus
1262 3943 1287 4020 ;”
1303 3944 1363 4007 sed
1379 3945 1466 4028 quod

352 4042 407 4103 “si
430 4041 503 4123 quis
526 4061 570 4104 ex
594 4040 658 4102 illis
682 4059 748 4101 non
772 4039 929 4100 inventus
952 4047 1003 4101 est
1027 4039 1059 4100 in
1083 4037 1186 4100 Libro
1204 4039 1294 4100 vitae
1314 4039 1464 4121 scriptus,

350 4132 522 4216 conjectus
552 4134 618 4197 sit”
646 4132 745 4215 (vers.
777 4129 866 4214 158¹).
912 4131 964 4194 Illi
991 4133 1046 4214 qui
1076 4152 1120 4194 ex
1150 4132 1201 4194 his
1227 4131 1349 4195 salvati
1379 4143 1464 4206 sunt,

350 4230 455 4292 etiam
476 4228 710 4308 intelliguntur
733 4247 791 4309 per
815 4226 988 4308 “reliquos
1011 4239 1217 4289 mortuorum
1242 4227 1297 4308 qui
1324 4247 1391 4290 non
1414 4248 1463 4289 re·

349 4323 507 4386 vixerunt
523 4323 631 4385 donec
648 4330 962 4384 consummarentur
978 4320 1069 4384 mille
1086 4321 1187 4384 anni'’
1205 4321 1305 4404 (vers
1322 4321 1366 4404 5).
1410 4321 1464 4384 Ex

349 4416 402 4478 his
420 4435 507 4479 nunc
527 4426 684 4480 constare
703 4426 827 4497 potest,
844 4416 935 4498 quod
954 4435 1013 4497 per
1033 4414 1154 4477 “dedit
1173 4435 1264 4478 mare
1284 4437 1342 4478 eos
1361 4417 1463 4500 quiin

350 4508 408 4572 illo
438 4510 613 4574 mortuos”
636 4509 867 4592 significentur
889 4509 1042 4572 homines
1066 4508 1241 4573 Ecclesiae
1267 4512 1401 4574 externi
1429 4519 1463 4574 et

351 4603 521 4669 naturales
540 4607 719 4669 convocati
737 4605 780 4667 ad
794 4603 965 4686 judicium.
