3384 5400
352 677 416 758 824
672 690 918 743 neocatvrsu
941 692 1152 745 navatam.

351 858 598 943 Apostolorum
619 859 723 943 Agni,
743 870 779 924 et
801 881 861 943 per
880 860 1091 927 “duodecim
1111 862 1301 947 Apostolos
1309 864 1325 889 ”
1343 865 1468 947 signifi-

350 964 471 1017 cantur
488 956 601 1017 omnia
618 951 792 1018 dodirinae
812 955 856 1019 de
879 953 1037 1031 Domino,
1058 968 1093 1020 et
1116 958 1160 1021 de
1179 957 1261 1022 Vita
1284 960 1469 1023 secundum

349 1047 673 1130 praec'eptalpsius‘·
687 1047 735 1130 (n.
753 1048 842 1131 903).
887 1048 1021 1116 Similia'
1034 1053 1138 1115 etiam
1157 1053 1390 1135 significantur
1411 1074 1470 1137 per

351 1141 529 1205 duodecim
548 1143 612 1205 lios
630 1142 769 1223 lapides,
783 1161 872 1225 quae
888 1163 948 1224 per
963 1144 1143 1209 duodecim
1158 1144 1287 1229 lapides
1303 1148 1470 1229 pretiosos

349 1236 384 1297 in
403 1232 565 1318 pediorali
580 1235 767 1310 ‘Aliaronisss
787 1237 879 1319 quo'd
901 1236 997 1301 Urim
1016 1249 1052 1302 et
1071 1238 1266 1304 Thummim
1285 1242 1471 1305 vocabatur

353 1326 558 1411 (dequibus,
578 1328 691 1392 Exod:
706 1330 823 1393 xxviii
846 1346 958 1411 15-21,
979 1351 1066 1413 quae
1088 1333 1121 1394 in
1139 1331 1290 1397 Arcanis
1310 1333 1470 1399 Caelesti·

351 1423 422 1496 bus,
446 1444 466 1485 a
490 1440 522 1484 n.
542 1424 630 1505 9856
653 1424 697 1487 ad
719 1426 817 1505 9882,
840 1422 1039 1505 singillatim
1067 1426 1241 1508 explicata
1262 1428 1370 1511 sunt),
1394 1450 1469 1493 cum

350 1516 538 1581 differentia
554 1518 650 1600 'quod
676 1519 709 1581 in
733 1518 785 1581 his
806 1529 922 1581 essent
945 1520 1083 1582 nomina
1105 1521 1284 1585 duodecim
1307 1522 1470 1587 Tribuum

351 1611 497 1687 israelis,
527 1611 660 1674 insiliis
689 1617 806 1675 autern
838 1613 977 1675 immina
999 1614 1188 1677 duodecim
1222 1614 1469 1697 Apostolorum

351 1704 455 1787 Agni.
500 1704 601 1787 Quod
616 1706 837 1769 fundamenta
852 1708 919 1769 sint
935 1728 983 1769 ex
1000 1706 1166 1789 lapidibus
1177 1710 1349 1791 pretiosis,
1366 1713 1471 1776 etiam

351 1800 473 1864 dicitur
489 1801 577 1882 apud
597 1799 764 1883 Esajam:

403 1945 452 1998 ¹¹0
469 1946 576 2007 adlidia,
589 1963 651 1998 ecce
670 1947 727 2011 Ego
739 1948 881 2011 disponam
899 1962 959 2001 eum
977 1949 1058 1998 stibio
1076 1948 1190 2011 Lapides
1202 1960 1271 2009 tuos,
1287 1950 1472 2003 Fundamenta

481 2022 528 2062 tua
537 2028 635 2076 ponam
648 2015 675 2062 in
688 2012 834 2076 Sapphiris,
846 2023 873 2063 et
886 2024 976 2077 portas
986 2022 1045 2063 tuas
1055 2014 1081 2063 ln
1096 2014 1133 2063 La
1161 2015 1209 2064 dee
1216 2014 1397 2077 Carbunculi;
1414 2032 1471 2068 om·

481 2094 530 2129 nes
541 2079 588 2127 lilii
600 2080 638 2127 tui
650 2076 724 2129 decli
734 2094 751 2128 a
762 2078 906 2143 Jelrovah''
917 2079 972 2144 (liv.
987 2091 1025 2138 11,
1039 2077 1090 2144 12[,
1108 2030 1161 2144 1353
1171 2094 1178 2137 ;

351 2249 411 2311 per
430 2224 642 2290 “afflidtam”
660 2226 861 2309 intelligitur
879 2226 1036 2291 Ecclesia
1059 2248 1078 2291 a
1101 2226 1250 2292 Domino
1272 2230 1362 2312 apud
1385 2250 1469 2313 gen·

351 2334 405 2387 tes
424 2322 651 2385 instauranda.
696 2320 800 2404 Apud
819 2322 982 2385 eundem:

402 2468 548 2519 “stenen
561 2467 693 2517 nonnus
704 2468 827 2533 Jeuovu,
843 2468 902 2531 ago
913 2466 1031 2519 runnoo
1048 2470 1076 2519 n
1094 2448 1178 2519 aione
1190 2469 1326 2533 aspidem.
1343 2470 1469 2535 tannem

439 2563 443 2569 ·
482 2534 656 2597 probationis,
668 2534 795 2596 angulum
808 2535 887 2597 pretii
896 2534 1060 2584 fundationis
1070 2534 1213 2589 fundatae:
1231 2550 1329 2597 ponam
1342 2536 1469 2599 judicium

481 2598 509 2648 in
521 2598 649 2661 regulam,
660 2609 688 2648 et
698 2598 828 2662 justitiam
840 2600 868 2649 in
882 2599 1101 2662 perpendiculum
1109 2599 1124 2619 ”
1132 2599 1233 2661 (xxviii.
1247 2600 1286 2660 rs,
1300 2601 1348 2663 17).

352 2743 523 2826 Quoniam
537 2763 640 2807 omne
655 2764 772 2807 verum
787 2741 963 2807 doctrinae
977 2764 1023 2807 ex
1036 2742 1153 2808 Verbo
1167 2745 1360 2810 fundabitur
1371 2767 1470 2830 super

351 2839 529 2920 agnitione
547 2838 696 2911 Domini,
715 2839 793 2901 ideo
812 2838 978 2902 Dominus
996 2849 1138 2902 vocatur

403 2983 508 3047 “Lapis
522 2983 650 3033 israelis''
662 2983 759 3045 (Gener.
774 2985 837 3036 xllx.
850 2985 907 3045 24);

400 3049 471 3099 Tum
485 3049 593 3111 “Lapis
610 3050 711 3112 Anguli
728 3065 807 3113 quem
824 3051 1036 3113 reprobaverunt
1053 3047 1213 3100 architedti”
1225 3051 1332 3114 (Multi.
1354 3053 1407 3102 xxi.
1421 3065 1469 3114 ⁴²3

481 3116 566 3164 Marc.
581 3114 626 3164 xii.
640 3127 677 3172 ro,
691 3127 719 3164 11
732 3129 739 3174 ς
756 3116 820 3166 Luc.
830 3129 875 3166 xx.
889 3117 996 3178 17,18);

351 3259 442 3342 quod
462 3257 593 3339 “Lapis
610 3256 763 3339 Anguli”
779 3259 822 3321 sit
841 3257 927 3340 lapis
946 3256 1251 3332 fundamentorum,
1269 3269 1407 3324 constat
1425 3283 1469 3325 ex

351 3353 477 3426 Jerem.
500 3352 532 3414 li.
557 3351 606 3414 26.
666 3351 832 3415 Dominus
858 3354 962 3415 etiam
989 3353 1023 3414 in
1047 3352 1163 3415 Verbo
1190 3352 1305 3416 multis
1331 3355 1364 3416 in
1388 3353 1470 3418 locis

350 3457 493 3509 vocatur
516 3446 645 3509 “Petra
656 3445 682 3524 ;”
715 3467 817 3528 quare
840 3445 918 3528 Ipse
941 3445 985 3509 Se
1008 3446 1169 3528 intelligit
1195 3467 1253 3530 per
1277 3448 1470 3524 “Petram'’

352 3559 428 3603 cum
447 3540 546 3614 dixit,

413 3687 524 3749 “Super
536 3686 585 3735 hac
598 3685 678 3736 Petra
689 3686 834 3736 aedificabo
848 3685 994 3737 Ecclesiam
1005 3685 1094 3736 Mem
1103 3686 1117 3706 ''
1126 3687 1296 3752 (Mamm
1310 3686 1348 3746 ¹⁸·
1361 3687 1418 3751 ml:

350 3835 386 3889 et
406 3845 539 3908 quoque
557 3843 634 3886 cum
654 3825 752 3900 dixit,

402 3975 419 3996 ‘¹
427 3973 479 4036 Qui
492 3972 565 4021 audit
576 3973 658 4022 verba
671 3971 735 4020 Mea
750 3980 778 4022 et
794 3972 858 4021 facit
873 3987 914 4032 ea,
928 3981 1097 4036 comparatur
1109 3973 1167 4022 viro
1178 3973 1311 4036 prudenti.
1325 3973 1371 4037 qul
1383 3973 1470 4024 aediti·

481 4047 532 4151 ᾗ
533 4038 649 4152 tiimviin
648 4047 694 4162 ἐξ
700 4038 788 4163 2133?st
804 4037 1008 4088 fundamentum
1026 4053 1106 4101 super
1125 4038 1204 4089 Petra
1210 4039 1224 4058 ''
1235 4039 1310 4101 (Luc.
1321 4041 1357 4089 vi.
1368 4052 1410 4100 47,
1421 4041 1469 4100 483

351 4269 412 4331 per
435 4249 598 4313 “Petram
610 4249 625 4272 ”
650 4247 860 4331 significatur
886 4249 1052 4313 Dominus
1078 4250 1188 4333 quoad
1216 4250 1374 4314 Divinum
1397 4250 1468 4314 Ve-

350 4363 424 4406 rum
447 4342 562 4406 Verbi.
608 4340 709 4423 Quod
731 4344 845 4406 omnia
862 4343 1045 4406 'Ecclesiae
1072 4354 1107 4407 et
1135 4341 1318 4408 Dodlrinae
1341 4344 1410 4426 ejus
1433 4365 1468 4407 se

350 4436 497 4500 referant
517 4437 563 4500 ad
586 4437 669 4500 haec
693 4437 770 4511 duo,
795 4436 885 4520 quod
909 4437 1103 4501 immediate
1126 4437 1300 4501 adeundus
1326 4437 1370 4502 sit
1398 4437 1467 4501 Do·

351 4531 470 4605 minus,
486 4539 522 4595 et
537 4529 629 4612 quod
645 4531 825 4594 vivendum
841 4532 886 4594 sit
902 4532 1087 4595 secundum
1106 4539 1288 4614 praecepta
1304 4530 1467 4612 Decalogi

351 4623 511 4706 fugiendo
528 4625 619 4687 mala
638 4634 674 4689 ut
696 4635 848 4708 peccata,
869 4636 905 4689 et
923 4626 1013 4709 quod
1036 4627 1082 4689 sic
1107 4626 1219 4688 omnia
1236 4622 1411 4689 dodtrinae
1432 4645 1467 4688 se
