3384 5400
493 715 572 767 cns.
589 715 693 779 xxii,
710 714 812 765 vens.
830 666 938 765 8.-u.
955 715 1026 783 945.
1256 702 1316 783 853

194 889 252 953 ille
275 910 297 953 a
314 887 463 952 Domino
485 885 528 949 ad
551 885 646 949 ilium
665 887 785 949 missus
803 886 911 961 suerit,
931 895 1028 968 patet
1047 906 1066 949 a
1085 905 1170 948 vers.
1195 884 1241 959 16,
1262 884 1316 948 ubi

195 984 290 1059 haec,
312 982 420 1064 “Ego
440 982 537 1062 lesus
556 982 630 1044 misi
649 979 823 1063 Angelum
843 980 958 1045 Meum
977 981 1096 1045 testari
1114 980 1210 1044 vobis
1233 981 1316 1044 haec

194 1079 227 1141 in
251 1076 443 1140 Ecclesiis.”
501 1074 569 1139 Sed
592 1095 752 1138 arcanum
776 1076 867 1158 quod
894 1076 927 1138 in
955 1075 1006 1138 his
1030 1075 1126 1149 latet,
1150 1084 1203 1137 est
1231 1075 1315 1137 hoc:

194 1170 352 1253 Angelus
369 1191 391 1233 a
414 1170 563 1234 Domino
580 1171 624 1233 ad
645 1170 835 1251 Johannem
857 1170 976 1232 missus
995 1180 1058 1243 est,
1083 1180 1120 1231 ut
1143 1178 1317 1233 teneretur

194 1267 227 1329 in
246 1275 339 1329 statu
358 1266 504 1347 spiritus,
521 1274 556 1328 et
576 1266 609 1327 in
629 1264 688 1327 illo
706 1274 799 1328 statu
815 1273 1021 1327 monstraret
1041 1262 1088 1326 illi
1107 1283 1192 1345 quae
1211 1264 1315 1341 vidit;

195 1380 273 1423 nam
291 1360 449 1443 quicquid
467 1360 641 1441 lohannes
660 1361 744 1423 vidit
764 1378 831 1423 non
851 1358 957 1421 oculis
976 1360 1125 1441 corporis
1144 1359 1238 1433 vidit,
1256 1360 1314 1422 sed

195 1456 299 1520 oculis
318 1456 463 1538 spiritus,
483 1466 523 1517 ut
540 1464 699 1517 constare
715 1462 830 1535 potest
850 1474 869 1516 a
889 1454 971 1516 locis
988 1453 1042 1516 ubi
1062 1453 1143 1516 dicit
1162 1453 1315 1517 sciuisse

196 1551 256 1613 “in
279 1551 397 1633 spiritu
407 1550 480 1613 ”'et
505 1550 567 1613 “in
590 1549 742 1611 visione''
767 1547 855 1631 (cap.
874 1550 894 1611 i.
918 1565 976 1626 10;
1000 1568 1072 1631 cap.
1092 1550 1137 1611 ix.
1161 1563 1217 1629 173
1242 1568 1314 1631 cap.

194 1645 273 1707 xvii.
291 1661 329 1724 33
353 1664 425 1727 cap.
445 1645 518 1706 xxi.
538 1642 612 1726 10);
636 1645 685 1707 ita
703 1644 809 1705 ubivis
828 1644 884 1705 ubi
904 1644 985 1705 dicit
1004 1664 1041 1706 se
1061 1643 1212 1707 “vidisse
1226 1643 1251 1721 ;”
1279 1654 1314 1708 et

194 1740 226 1802 in
245 1739 338 1803 illum
357 1749 485 1802 statum
510 1758 577 1801 non
597 1748 713 1821 potest
733 1737 852 1820 aliquis
868 1731 993 1812 venir'e,
1011 1746 1045 1800 et
1066 1738 1098 1799 in
1117 1737 1176 1801 illo
1195 1740 1313 1811 teneri,

195 1834 256 1896 nisi
275 1854 334 1916 per
350 1829 577 1915 Angelos'qui
596 1853 701 1915 prope
716 1832 943 1913 adjunguntur
958 1833 1096 1907 homini,
1114 1833 1169 1915 qui
1186 1842 1314 1895 statum

194 1948 288 1991 suum
308 1927 514 2010 spiritualem
535 1928 654 1989 indunt
673 1927 887 1990 interioribus
903 1928 1027 1989 mentis
1046 1926 1134 2007 ejus;
1158 1928 1205 1989 sic
1225 1928 1313 2013 enim

194 2023 297 2087 homo
312 2023 464 2085 elevatur
479 2024 511 2084 in
529 2022 638 2085 lucem
649 2021 758 2096 Caeli,
773 2032 809 2085 et
824 2023 858 2084 in
875 2020 932 2084 iila
948 2022 1040 2083 videt
1056 2041 1142 2103 quae
1158 2023 1191 2083 in
1208 2020 1314 2085 Caelo

194 2127 282 2193 sunt,
299 2127 334 2181 et
354 2136 422 2180 non
438 2136 523 2199 quae
542 2118 574 2178 i‘n
593 2116 731 2179 Mundo.
777 2115 816 2179 In
836 2115 934 2178 simili
951 2126 1042 2178 statu
1058 2115 1189 2178 suerunt
1206 2136 1312 2199 quan-

194 2214 303 2297 doque
323 2204 496 2286 Ezechiel,¹
513 2210 700 2284 Sacharias,
722 2210 854 2284 Daniel,
876 2211 984 2273 etalii
1006 2210 1213 2293 Prophetae:
1245 2231 1311 2274 non

193 2318 307 2371 autem
329 2321 406 2370 cum
431 2306 534 2369 locuti
557 2313 637 2395 sunt
652 2306 827 2382 ⁴Verbum;
862 2316 942 2368 tunc
966 2325 1032 2368 non
1056 2306 1088 2367 in
1112 2306 1229 2387 spiritu
1252 2307 1311 2369 sed

193 2404 225 2465 in
252 2422 393 2484 corpore
416 2412 524 2475 erant,
548 2410 583 2464 et
611 2402 655 2463 ab
682 2401 761 2482 ipso
783 2400 947 2487 Jehovah,
972 2402 1036 2463 hoc
1064 2410 1126 2473 est,
1153 2400 1311 2475 Domino,

190 2497 391 2559 audiverunt
405 2495 507 2558 verba
519 2514 605 2577 quae
619 2495 836 2576 scripserunt.
883 2495 935 2558 llli
949 2495 1017 2559 bini
1030 2505 1141 2559 status
1156 2498 1305 2579 Prophe·

191 2598 302 2651 tarum
316 2589 421 2670 probe
433 2588 664 2670 distinguendi
677 2598 756 2651 sunt
769 2610 776 2665 ;
799 2590 862 2671 ipsi
880 2588 1070 2671 Prophetae
1083 2592 1186 2653 etiam
1201 2592 1306 2673 probe

191 2682 416 2766 distinguunt,
445 2703 523 2746 nam
551 2683 668 2746 dicunt
696 2683 803 2746 ubivis
831 2703 908 2746 cum
936 2705 955 2746 a
981 2683 1135 2766 jehovah
1161 2688 1306 2769 scripse·

189 2787 267 2844 runt
280 2778 443 2853 Verbum,
457 2781 546 2861 quod
559 2780 712 2861 Jehovah
727 2781 859 2844 locutus
871 2783 915 2844 sit
928 2801 1003 2844 cum
1017 2782 1084 2845 illis
1101 2793 1135 2846 et
1152 2785 1194 2846 ad
1211 2784 1307 2862 illos;

190 2884 224 2937 et
240 2877 446 2957 saepissime,
461 2875 587 2937 “Dixit
599 2875 781 2956 Jehovah,”
794 2874 959 2940 “Diuum
972 2877 1120 2958 Jehovae
1132 2877 1159 2941 :'’
1181 2891 1216 2943 at
1231 2901 1307 2944 cum

189 2969 222 3031 in
238 2968 347 3032 altero
363 2979 455 3032 statu
472 2969 616 3042 fuerunt,
633 2969 749 3033 dicunt
766 2971 856 3052 quod
875 2971 935 3033 “in
956 2973 1072 3054 spiritu
1081 2971 1096 2997 ”
1112 2973 1233 3038 fuerint
1249 2987 1307 3041 aut

191 3064 250 3124 “in
270 3063 427 3137 visione,”
445 3073 482 3126 ut
500 3073 657 3128 constare
677 3074 791 3147 potest
811 3085 855 3127 ex
875 3066 946 3128 bis:
972 3067 1068 3130 Dixit
1088 3067 1258 3146 Ezechiel,

239 3209 257 3230 ‘¹
265 3205 379 3270 Spitltss
390 3206 497 3256 sustulit
508 3221 560 3266 me,
573 3217 601 3257 et
619 3208 726 3256 reduxit
738 3223 781 3257 me
799 3209 826 3258 in
843 3207 1008 3260 Chaldaeum
1021 3211 1058 3260 sd
1075 3212 1256 3274 captivitatem
1279 3215 1306 3264 in

317 3271 428 3394 Visio)ne
442 3271 491 3321 Dei
503 3286 509 3332 ;
527 3273 564 3321 ita
574 3273 694 3340 ascendit
707 3288 788 3336 super
800 3289 843 3322 me
855 3275 933 3333 visio,
947 3291 1025 3362 quam
1039 3276 1092 3326 vidi
1100 3275 1114 3296 ''
1126 3275 1255 3344 ([Esech.]
1269 3281 1304 3331 xi.

320 3350 342 3395 ¹1
355 3350 387 3396 24
405 3351 411 3393 ἰ

195 3412 199 3442 ³
239 3400 312 3452 Dicit
320 3403 392 3465 (μω
404 3402 540 3452 sustulerit
557 3401 631 3452 ilium
644 3403 766 3466 Spiritus,
779 3413 807 3453 et
822 3405 955 3456 audiverit
968 3417 1029 3468 post
1046 3421 1075 3456 se
1093 3417 1179 3458 terrae
1192 3419 1303 3470 motum,

318 3479 345 3518 et
356 3468 410 3517 alia
420 3469 487 3530 (cap.
502 3469 537 3518 iii.
552 3481 589 3527 12,
607 3472 661 3529 14);

236 3533 316 3590 Tum,
329 3533 400 3596 quod
412 3534 548 3582 sustulerit
559 3548 619 3582 eum
634 3534 747 3596 Spiritus
760 3536 829 3584 inter
841 3535 952 3585 Terram
967 3545 994 3585 et
1012 3534 1131 3598 Caelum,
1145 3549 1172 3588 et
1189 3541 1306 3590 abduxe-

315 3601 350 3724 pit
367 3599 394 3648 in
411 3598 629 3727 ilierosolypam
647 3601 675 3648 in
693 3600 849 3650 visionibus
867 3602 924 3660 Dei,
939 3611 966 3651 et
982 3602 1078 3652 viderit
1090 3605 1306 3657 abominationes

326 3679 383 3727 cap.
396 3679 450 3714 vm.
464 3677 488 3724 3,
502 3679 557 3728 seq.
580 3682 585 3714 :

187 3804 287 3870 quare
305 3789 459 3852 similiter
474 3789 509 3851 in
527 3790 656 3853 visione
674 3790 738 3854 Dei
757 3811 816 3855 seu
833 3795 962 3874 spiritu,

234 3921 307 3971 Vidit
318 3931 432 3984 quatuor
443 3921 587 3982 Animalia,
598 3938 666 3987 quae
675 3933 751 3975 erant
764 3924 880 3975 Cherubi
892 3925 959 3989 (cap.
972 3928 988 3978 i.
1000 3937 1026 3977 et
1039 3943 1096 3992 cap.
1108 3929 1161 3992 iul:

233 3987 303 4036 Tum
320 4001 422 4036 novum
439 3987 580 4051 Templum
598 4000 626 4039 et
642 4003 744 4040 novam
754 3991 874 4050 Terram,
889 4002 916 4043 et
935 3994 1067 4056 Angelum
1086 3998 1240 4047 metientem
1258 3998 1304 4048 illa

313 4053 357 4112 (de
369 4053 474 4117 quibus,
488 4069 545 4117 esp.
556 4056 724 4118 xl.-xlviii.);

185 4168 275 4249 quod
297 4177 379 4232 tunc
402 4168 500 4233 suerit
524 4171 585 4232 “in
607 4171 790 4233 visionibus
813 4171 906 4245 Dei,”
929 4173 1011 4236 dicit
1034 4193 1107 4256 cap.
1132 4174 1179 4237 xl,
1203 4192 1241 4253 2;
1267 4188 1302 4241 et

185 4262 274 4342 quod
293 4261 465 4326 sustulerit
484 4263 578 4326 illum
597 4262 750 4346 Spiritus,
771 4285 844 4347 cap.
863 4267 945 4329 xliii.
968 4281 995 4348 5.
1039 4267 1154 4332 Simile
1177 4269 1302 4335 salium

185 4366 236 4420 est
254 4375 332 4420 cum
350 4354 520 4432 Sacharia,

233 4489 264 4541 ln
285 4491 561 4622 qtpoQttpppgnsgezlps
576 4491 635 4552 tuit,
656 4507 716 4543 eum
733 4493 800 4543 vidit
816 4493 911 4545 Virum
930 4495 1093 4559 equitantem
1112 4497 1181 4548 inter
1198 4511 1301 4564 myrtos

230 4620 300 4672 Cum
311 4624 500 4686 viditquatuor
511 4623 627 4682 Cornua,
639 4634 666 4674 et
677 4625 739 4674 dein
752 4625 846 4675 Virum
859 4626 886 4676 in
899 4626 975 4690 cujus
987 4642 1069 4678 manu
1081 4628 1214 4680 funiculus
1227 4645 1298 4681 men·

311 4701 390 4738 surae
401 4689 469 4751 (cap.
481 4689 508 4739 ii.
521 4701 543 4748 1,
556 4701 579 4750 5,
591 4704 646 4755 seq.
660 4689 705 4756 [B.
717 4693 753 4742 A.
764 4691 781 4741 i.
795 4692 824 4740 18
835 4707 842 4753 ;
860 4693 886 4742 li.
899 4687 946 4757 1]).
