3384 5400
301 671 367 753 7¹⁶
624 635 872 732 Anocnuiesu
894 679 1105 731 namnum.

361 850 462 934 ⁸⁰7·
488 860 573 927 [Vm.
586 858 626 926 3·]
653 849 719 912 “fr
735 846 1044 921 usvundun-unt,
1064 847 1212 931 altune,-
1236 846 1298 929 [οἱ]
1323 848 1413 911 {unet

303 942 372 1024 ejus
398 939 541 1004 aseendit
565 939 597 1001 in
623 939 753 1003 saecula
779 938 1014 1011 aauaulnml'
1035 937 1203 1021 significat
1230 959 1274 1001 ex
1295 937 1415 1021 gaudio

299 1034 493 1116 gretserum
510 1030 669 1096 aiiz'onem
689 1041 722 1095 et
742 1030 987 1095 celebrationem
1004 1028 1149 1105 Domini,
1168 1030 1258 1113 quod
1271 1028 1415 1113 propha-

303 1150 381 1193 num
404 1127 492 1191 illud
508 1126 713 1207 Religiosum
735 1126 930 1189 damnatum
959 1125 1006 1188 sit
1033 1124 1069 1187 in
1097 1122 1417 1205 aeternum—Quod

305 1222 482 1287 “secundo
504 1220 683 1295 dixerint,”
705 1230 757 1285 est
787 1241 832 1283 ex
863 1220 954 1284 varia
984 1216 1161 1284 affeetione
1190 1219 1314 1301 gaudii,
1334 1218 1419 1301 quod

303 1316 435 1380 liberati
458 1318 525 1379 sint
554 1315 599 1379 ab
620 1314 837 1380 infestatione
859 1336 904 1380 ex
931 1313 996 1379 illis
1019 1314 1075 1397 qui
1104 1314 1137 1375 in
1168 1312 1226 1377 illo
1250 1312 1422 1395 Religioso

304 1421 412 1486 erant,
435 1421 508 1478 tum
535 1431 579 1473 ex
610 1409 732 1473 timore
762 1430 804 1474 ne
827 1418 1006 1491 resurgant
1029 1417 1064 1471 et
1095 1408 1215 1470 iterum
1239 1406 1422 1483 infestent3

304 1507 393 1589 quod
424 1526 483 1588 per
507 1502 708 1584 “Alleluja”
730 1503 936 1585 significetur
958 1502 1143 1585 gratiarum
1161 1498 1250 1565 attio
1274 1511 1309 1565 et
1335 1500 1423 1565 cele·

303 1601 413 1663 bratio
432 1598 579 1671 Domini,
598 1599 754 1661 videatur
772 1618 872 1680 supra
892 1596 939 1679 (n.
959 1596 1057 1679 803);
1081 1617 1140 1679 per
1160 1596 1314 1659 “sumum
1333 1596 1403 1677 ejus
1411 1594 1425 1619 ’¹

304 1692 511 1777 significatur
524 1692 734 1775 Religiosum
746 1690 828 1755 illud
840 1692 951 1775 quoad
964 1692 1053 1755 diras
1066 1690 1135 1771 ejus
1151 1689 1328 1765 falsitates,
1342 1710 1425 1772 quo·

305 1788 395 1851 niam
414 1786 497 1851 salsa
519 1808 564 1850 ex
588 1787 679 1850 malo
697 1797 862 1869 apparent
881 1786 967 1849 sicut
986 1784 1066 1847 sumi
1089 1806 1134 1848 ex
1158 1786 1237 1867 igne
1258 1783 1304 1864 (n.
1325 1782 1425 1867 422);

304 1882 391 1963 ignis
404 1882 448 1945 ibi
460 1891 514 1946 est
525 1900 621 1945 amor
630 1882 680 1945 sui
694 1879 741 1963 (n.
750 1880 823 1959 468,
835 1878 901 1955 fin,
911 1896 984 1960 494,
996 1878 1088 1960 766);
1105 1879 1194 1962 quod
1208 1898 1266 1961 per
1278 1878 1428 1941 “sumum

304 1974 576 2051 combustionis,”
600 1974 654 2038 ubi
684 1974 727 2039 de
758 1973 946 2055 Babylone,
970 1972 1177 2055 significetur
1199 1971 1429 2054 prophanatio

306 2068 353 2151 (n.
366 2068 438 2150 766,
451 2068 528 2151 767)
542 2090 550 2149 ;
573 2089 633 2152 per
646 2068 858 2133 “ascendere
874 2068 907 2130 in
923 2067 1058 2131 saecula
1073 2066 1282 2131 saeculorum
1294 2064 1308 2089 ”
1321 2067 1429 2149 signi·

304 2163 423 2229 ficatur
439 2164 615 2228 damnatio
632 2161 702 2244 ejus
720 2164 754 2227 in
772 2174 959 2228 aeternum.

364 2265 469 2332 808.
494 2274 632 2344 [Vm.4.]
657 2264 722 2328 ‘Et
737 2264 938 2346 prouiderunt
957 2263 1102 2328 saniores
1125 2263 1229 2347 ee'qinn'
1247 2269 1382 2347 quatum·
1397 2270 1433 2328 et

305 2366 437 2442 quntum
448 2360 605 2433 Animalia,
621 2366 656 2424 et
673 2360 882 2423 adoneae-unt
894 2360 988 2423 Deum
1004 2360 1165 2423 teneuram
1185 2378 1281 2441 super
1299 2358 1429 2431 rtmno,

305 2454 454 2527 dieentes,
474 2454 578 2527 Arnen,
598 2453 763 2537 Alleluje,''
784 2452 955 2535 significat
976 2453 1207 2517 adorationem
1227 2452 1371 2517 Domini
1391 2462 1430 2517 ut

304 2546 371 2610 Dei
390 2544 487 2611 Caeli
500 2556 533 2609 et
557 2544 688 2621 Terrae,
707 2568 746 2610 ac
763 2557 799 2610 ut
820 2546 956 2620 Judicis
975 2544 1132 2620 universi,
1149 2546 1191 2609 ab
1210 2544 1350 2627 Angelis
1369 2568 1427 2609 su-

301 2640 473 2723 periorum
498 2638 684 2719 Caelorum,
707 2651 739 2705 et
760 2640 1038 2725 confirmationem
1055 2640 1252 2723 gratteram
1274 2639 1423 2715 alitbnis,

305 2734 518 2814 confessionis
545 2745 577 2798 et
589 2734 815 2800 celebrationis
843 2735 959 2819 Ipsius
988 2735 1030 2800 ab
1059 2734 1201 2818 Angelis
1231 2735 1424 2816 infernmum

309 2827 482 2893 Caelorum
485 2829 992 2913 satiaruen.-Per“procidere
1002 2829 1209 2896 etadorare’'
1220 2829 1422 2912 significatur

306 2922 496 2986 humiliatio
518 2932 553 2985 et
581 2944 627 2986 ex
650 2923 870 2988 humilatione
893 2924 1057 2998 adoratio,
1080 2935 1117 2987 ut
1140 2943 1239 3006 supra
1265 2925 1310 3006 (n.
1328 2924 1418 3006 370):

306 3037 366 3100 per
385 3019 533 3098 “viginti
551 3028 695 3100 quatuor
713 3016 871 3083 Seniores
892 3029 927 3082 et
950 3029 1094 3102 quatuor
1112 3017 1307 3081 Animalia”
1322 3020 1418 3101 signi-

306 3109 449 3174 ficantur
472 3110 565 3175 Caeli
587 3113 774 3193 superiores
805 3111 852 3194 (n.
874 3112 969 3194 369):
1001 3133 1059 3196 per
1083 3111 1297 3177 “Sedentem
1329 3130 1421 3196 super

308 3205 471 3269 Throno”
493 3205 694 3286 intelligitur
713 3205 879 3270 Dominus
902 3218 938 3271 ut
962 3206 1054 3272 Deus
1074 3206 1178 3282 Caeli,
1198 3227 1236 3270 ac
1261 3219 1297 3270 ut
1315 3208 1422 3289 Judex

306 3299 460 3374 universi,
484 3301 642 3383 quoniam
667 3321 727 3383 per
749 3301 976 3365 “Thronum”
999 3300 1206 3383 significatur
1228 3299 1368 3364 Caelum
1391 3303 1427 3361 et

306 3413 449 3476 regnum
468 3396 512 3458 ibi
533 3393 580 3476 (n.
601 3411 647 3474 14,
666 3411 739 3469 221,
759 3394 848 3477 222),
865 3406 900 3459 et
918 3416 1053 3478 quoque
1067 3395 1246 3478 judicium;
1270 3395 1323 3459 hic
1340 3391 1431 3476 judi·

307 3489 404 3563 cium,
422 3491 499 3571 quia
514 3490 557 3552 de
568 3489 694 3570 judicio
709 3510 808 3573 super
824 3490 962 3567 Babele,
976 3491 1020 3554 de
1034 3511 1101 3574 quo
1117 3491 1289 3574 praecedit
1305 3512 1311 3553 :
1336 3478 1436 3574 quod

308 3579 466 3645 “Sedens
488 3603 588 3665 super
609 3583 774 3648 Throno”
792 3586 835 3648 sit
860 3585 1036 3660 Dominus,
1055 3585 1224 3648 videbitur
1240 3586 1344 3649 infra:
1370 3591 1442 3669 pes
1489 3581 1500 3592 “

309 3675 463 3750 “Amen,
480 3674 652 3758 Alleluja'’
667 3677 876 3760 significatur
892 3677 1104 3743 confirmatio
1120 3680 1304 3760 gratiarum
1322 3678 1446 3743 aitio‘

307 3769 369 3845 nis,
401 3770 620 3834 consessionis
650 3782 684 3835 et
715 3773 954 3837 celebrationis
986 3775 1030 3836 ab
1060 3773 1205 3855 Angelis
1235 3775 1451 3838 inferiorum

308 3863 487 3928 Caelorum
510 3863 691 3943 saitarum3
716 3886 774 3949 per
794 3865 964 3930 “Amen'’
986 3866 1194 3949 significatur
1216 3867 1454 3932 confirmatio

307 3969 343 4022 et
366 3979 551 4023 consensus
574 3981 618 4022 ex
638 3962 782 4024 veritate
802 3961 849 4043 (n.
869 3979 920 4042 23,
941 3963 990 4038 28,
1010 3961 1061 4037 61,
1082 3977 1153 4042 371,
1174 3959 1289 4043 375ffl),
1310 3973 1344 4025 et
1367 3964 1456 4046 pes

308 4052 509 4134 “Alleluja”
532 4052 739 4135 significatur
760 4057 943 4136 gratiarum
966 4053 1065 4131 alitio,
1089 4054 1256 4120 confessio
1279 4067 1313 4120 et
1337 4057 1455 4120 cele‘

307 4148 418 4210 bratio
437 4147 574 4211 Domini
595 4147 641 4228 (n.
659 4148 756 4231 803):
786 4151 877 4232 quod
896 4152 963 4214 sint
982 4171 1067 4234 quae
1090 4151 1134 4214 ab
1152 4149 1297 4231 Angelis
1316 4149 1451 4214 inseri‘

308 4261 403 4305 orum
415 4239 594 4305 Caelorum
613 4241 723 4306 sactae
739 4254 828 4320 sunt,
841 4254 895 4308 est
911 4246 987 4327 quia
1003 4244 1050 4308 illi
1067 4245 1208 4327 primum
1228 4239 1332 4307 loc'uti
1348 4243 1451 4308 sunt

307 4347 342 4400 et
365 4336 584 4400 celebrabant
605 4336 786 4401 Dominum
806 4348 842 4401 ut
863 4339 973 4402 Deum
992 4338 1096 4414 Caeli,
1112 4337 1265 4420 Judicem
1284 4350 1320 4402 et
1340 4339 1446 4402 Vin‘

307 4430 427 4504 dicem,
444 4440 479 4493 et
495 4431 654 4494 dicebant
672 4437 691 4464 ‘⁸
703 4430 881 4514 Alleluja,”
897 4443 932 4496 ut
949 4443 1044 4516 patet
1063 4453 1183 4496 avers.
1204 4449 1215 4494 1
1235 4443 1269 4496 et
1286 4450 1315 4506 2,
1333 4446 1367 4498 et
1383 4432 1448 4498 ab

308 4523 536 4606 explicatione
548 4545 647 4607 supra
661 4524 707 4609 (n.
720 4527 792 4606 803,
803 4526 880 4609 804)
895 4549 902 4604 ;
925 4527 1138 4592 confirmatio
1149 4527 1281 4591 illorum
1296 4531 1339 4592 ab
1351 4527 1441 4590 Ana

308 4615 607 4700 gelissuperiorum
619 4609 1439 4704 Caelorumsignificaturper“Amen‚Alleluja.''
