3384 5400
347 632 412 714 624
669 645 918 699 nnocnnussrs
940 645 1152 698 usvenans.

348 837 409 900 per
432 815 704 899 “blasphemiam
713 815 729 842 ”
752 818 841 880 enim
865 815 1072 898 significatur
1094 816 1233 898 negatio
1256 814 1370 881 Divini
1396 814 1471 880 Do·

348 911 428 974 mini
451 913 484 974 in
510 911 669 975 Humano
693 910 811 993 Ipsius,
831 921 867 976 et
888 911 1092 975 adulteratio
1110 911 1216 975 Verbi
1236 910 1284 993 (n.
1305 926 1375 993 571,
1397 912 1469 992 582,

346 1004 419 1086 692,
433 1001 548 1087 715¹¹¹),
561 1005 610 1068 ita
622 1004 846 1087 prophanatio
859 1027 867 1083 ;
891 1007 1037 1088 namqui
1052 1024 1120 1068 non
1135 1005 1291 1086 agnoscit
1308 1005 1470 1068 Divinum

348 1099 485 1163 Domini
500 1101 533 1164 in
552 1099 712 1164 Humano
728 1099 845 1181 Ipsius,
863 1109 898 1163 et
913 1098 1067 1162 falsificat
1083 1099 1246 1174 Verbum,
1262 1099 1407 1164 sednon
1423 1119 1470 1162 ex

347 1195 533 1277 proposito,
552 1195 687 1277 quidem
710 1194 912 1277 prophanat,
932 1204 968 1258 at
989 1194 1126 1271 leviter;
1150 1193 1210 1256 sed
1229 1195 1285 1277 qui
1307 1195 1470 1258 addicant

347 1289 409 1352 sibi
425 1307 560 1352 omnem
577 1289 766 1371 potentiam
783 1288 897 1352 Divini
914 1287 1063 1352 Humani
1080 1288 1227 1364 Domini,
1240 1300 1276 1352 et
1290 1299 1471 1372 propterea

347 1393 476 1464 negant
495 1383 588 1456 illud,
605 1389 640 1446 et
656 1385 711 1466 qui
727 1382 900 1465 applicant
916 1384 1030 1446 omnia
1045 1381 1150 1446 Verbi
1165 1383 1210 1446 ad
1228 1384 1470 1466 acquirendum

347 1476 409 1540 sibi
432 1477 615 1540 dominium
643 1497 741 1559 super
768 1474 895 1540 Sanc'la
921 1477 1097 1541 Ecclesiae
1118 1485 1153 1539 et
1177 1474 1281 1552 Caeli,
1305 1487 1341 1541 et
1368 1498 1469 1559 prop-

347 1581 441 1634 terea
457 1569 650 1635 adulterant
665 1571 829 1646 Verbum,
846 1571 895 1634 illi
911 1571 1125 1653 prophanant
1141 1571 1299 1652 graviter.
1344 1571 1401 1634 Ex
1416 1573 1470 1636 his

347 1675 505 1728 constare
524 1675 650 1747 potest,
669 1666 760 1749 quod
783 1687 841 1748 per
862 1666 958 1728 “vidi
979 1664 1155 1728 Mulierem
1173 1665 1352 1729 sedentem
1370 1687 1469 1750 super

348 1757 463 1822 Bestia
478 1761 647 1834 coccinea,
664 1759 765 1842 plena
781 1760 971 1822 nominibus
989 1758 1248 1840 blasphemiae,”
1263 1761 1469 1842 significetur

348 1851 556 1935 Religiosum
586 1852 668 1917 illud
698 1875 797 1936 super
826 1853 944 1916 Verbo
974 1851 1017 1916 ab
1045 1848 1111 1916 illis
1140 1854 1373 1936 prophanato;
1409 1877 1469 1938 per

348 1948 596 2011 “coccineum”
612 1947 819 2030 significatur
834 1947 964 2011 Verum
983 1947 1089 2011 Verbi
1107 1968 1152 2011 ex
1171 1949 1301 2029 origine
1319 1950 1467 2014 caelesti.

347 2038 448 2121 Quod
465 2062 523 2123 per
540 2042 718 2106 “Bestiam
735 2044 929 2106 coccineam
938 2042 953 2067 ’'
968 2040 1174 2124 significetur
1190 2042 1341 2106 Verbum
1356 2045 1467 2128 quoad

347 2133 507 2199 Divinum
533 2136 662 2200 Verum
688 2136 858 2212 Caeleste,
885 2157 930 2200 ex
958 2138 1065 2218 prima
1091 2137 1301 2218 cogitatione
1327 2151 1468 2221 apparet

347 2230 433 2293 sicut
463 2242 630 2294 remotum
663 2241 698 2294 et
731 2231 889 2306 alienum,
919 2233 988 2294 imo
1016 2231 1192 2307 absonum,
1222 2233 1300 2314 quia
1328 2241 1468 2296 vocatur

348 2323 493 2388 “Bestia
505 2325 531 2404 ;”
546 2325 606 2390 sed
619 2325 708 2409 quod
722 2345 781 2408 per
792 2331 811 2357 ‘⁴
821 2325 965 2388 bestiam
974 2325 989 2350 ’¹
1000 2327 1034 2388 in
1047 2323 1154 2389 Sensu
1166 2325 1329 2408 spirituali
1341 2325 1466 2407 signifi·

347 2428 441 2482 cetur
463 2417 596 2483 affectio
620 2419 792 2495 naturalis,
812 2429 848 2482 et
867 2421 958 2501 quod
976 2420 1107 2484 dicatur
1125 2419 1168 2483 de
1187 2419 1313 2495 Verbo,
1334 2421 1377 2484 de
1399 2420 1465 2484 Ec-

347 2513 449 2576 clesia
478 2523 513 2576 et
542 2513 584 2576 de
616 2512 774 2587 Homine,
803 2515 958 2577 videatur
983 2534 1093 2596 supra,
1121 2535 1153 2578 n.
1181 2513 1271 2596 239l¹¹
1296 2530 1370 2596 405,
1398 2515 1465 2595 567.

347 2605 447 2688 Quod
462 2613 635 2690 “quatuor
649 2606 850 2680 Animalia,·”
861 2625 1002 2690 quorum
1019 2627 1120 2670 unum
1137 2619 1209 2672 erat
1227 2607 1308 2683 Leo,
1322 2609 1465 2674 alterum

346 2701 494 2775 Vitulus,
511 2714 545 2765 et
565 2713 720 2784 quartum
737 2702 874 2785 Aquila,
892 2702 1083 2784 significent
1094 2702 1314 2779 ¹Verbum-et
1333 2724 1466 2787 quoque

346 2796 435 2879 apud
452 2795 654 2859 Ezechielem
673 2807 838 2860 vocantur
858 2797 1052 2875 “Bestias”
1072 2818 1104 2861 n.
1120 2814 1191 2879 239,
1212 2813 1283 2879 275,
1303 2798 1376 2874 286,
1394 2799 1464 2879 672.

347 2888 448 2971 Quod
469 2888 642 2974 “Equus''
661 2891 715 2973 qui
735 2892 838 2953 etiam
858 2902 910 2955 est
930 2892 1049 2967 bestia,
1069 2890 1236 2975 significet
1256 2890 1465 2956 intellectum

346 2983 463 3059 Verbi,
487 3004 518 3047 n.
542 2986 622 3065 298:
653 2984 744 3067 quod
769 2984 946 3067 “Agnus”
968 2986 1135 3068 significet
1159 2986 1352 3061 Dominum,
1376 2988 1463 3070 quod

347 3074 459 3143 “Ovis
468 3076 483 3103 ”
498 3079 669 3143 hominem
689 3078 875 3154 Ecclesiae,
892 3091 927 3144 et
946 3082 1037 3163 quod
1054 3080 1176 3145 “Grex
1185 3080 1200 3105 ’⁹
1218 3082 1324 3163 ipsam
1344 3080 1463 3145 Eccle-

346 3173 441 3247 siam,
461 3183 580 3236 notum
604 3184 665 3237 est.
712 3172 807 3236 Haec
831 3172 936 3239 allata
958 3184 1048 3249 sunt,
1068 3195 1110 3237 ne
1129 3176 1202 3258 quis
1220 3175 1359 3239 miretur
1376 3176 1463 3259 quod

346 3288 405 3350 per
429 3267 607 3331 “Bestiam
631 3268 824 3332 coccineam
833 3267 848 3293 ”
870 3268 1077 3351 significetur
1100 3269 1261 3333 Verbum.
1320 3269 1367 3334 Et
1390 3272 1464 3354 quia

347 3360 557 3444 Religiosum
577 3361 756 3426 Catholico
776 3361 968 3426 Romanum
982 3384 1083 3446 super
1099 3363 1215 3427 Verbo
1233 3363 1351 3426 fundat
1370 3383 1463 3427 suum

346 3456 447 3517 robur
465 3465 500 3518 et
519 3476 613 3525 suam
633 3456 846 3538 dignitatem,
866 3458 942 3520 ideo
960 3458 1031 3522 visa
1052 3469 1105 3522 est
1129 3457 1250 3525 Mulier
1267 3457 1325 3521 illa
1344 3459 1463 3523 sedens

347 3554 475 3630 “super
505 3549 620 3613 Bestia
646 3550 834 3625 coccinea,’'
863 3562 900 3614 ut
930 3555 1018 3634 prius
1049 3560 1176 3635 “super
1205 3554 1299 3634 aquis
1329 3552 1464 3616 multis”

348 3641 449 3725 (vers.
470 3641 512 3725 1),
529 3664 588 3726 per
603 3665 685 3728 quas
704 3643 936 3727 significantur
953 3648 1115 3710 veritates
1131 3645 1237 3711 Verbi
1254 3644 1464 3711 adulteratae

346 3747 382 3801 et
409 3737 640 3820 prophanatae
669 3736 793 3821 (supra,
821 3760 854 3803 n.
881 3736 998 3825 719¹⁸¹).
1047 3740 1148 3823 Quod
1176 3761 1235 3822 per
1263 3738 1464 3804 “Bestiam”

346 3829 440 3895 illam
459 3830 665 3914 significetur
684 3832 846 3909 Verbum,
863 3844 959 3917 patet
978 3836 1154 3900 manifeste
1173 3856 1219 3899 ex
1237 3834 1303 3899 illis
1318 3856 1404 3917 quae
1422 3836 1463 3899 de

346 3945 386 3989 ea
413 3926 446 3988 in
473 3928 689 4008 sequentibus
716 3925 811 4007 hujus
837 3930 957 4010 capitis
982 3932 1148 4004 dicuntur,
1176 3939 1212 3994 ut
1240 3930 1273 3993 in
1301 3950 1398 3993 versu
1424 3932 1460 3993 8:

348 4018 502 4095 “Bestia,
519 4040 619 4103 quarn
636 4022 758 4097 vidisti,
776 4036 849 4089 erat
865 4037 899 4088 et
916 4046 983 4088 non
1000 4035 1072 4103 est;
1096 4035 1131 4089 et
1146 4025 1354 4088 mirabantur
1370 4025 1462 4087 habi-

346 4123 461 4178 tantes
477 4134 575 4198 super
594 4126 693 4191 terra,
711 4118 866 4182 videntes
885 4118 1044 4195 Bestiam,
1061 4140 1148 4203 quae
1166 4128 1239 4183 erat
1258 4129 1293 4182 et
1313 4138 1381 4182 non
1400 4130 1462 4192 est,

346 4217 500 4273 attamen
519 4208 599 4272 est.’'
644 4209 683 4272 In
699 4232 797 4275 versu
816 4228 850 4275 11
865 4233 872 4275 :
898 4220 917 4244 ⁸⁴
928 4212 1052 4288 Bestia,
1068 4234 1154 4297 quae
1169 4224 1243 4277 erat
1258 4224 1296 4277 et
1312 4233 1381 4277 non
1400 4223 1462 4286 est,

345 4302 418 4384 ipsa
451 4302 528 4365 Rex
559 4300 699 4367 octavus
731 4315 795 4381 est,
826 4316 861 4369 et
891 4307 934 4370 de
963 4318 1096 4389 septem
1125 4318 1189 4380 est,
1220 4317 1254 4370 et
1285 4309 1319 4369 in
1349 4308 1462 4371 interi·

309 4444 312 4451 .
346 4405 419 4457 tum
437 4394 536 4459 abit.”
580 4395 619 4459 In
643 4418 728 4462 vers.
751 4415 798 4474 12,
823 4417 878 4480 13:
904 4401 995 4484 quod
1018 4403 1165 4465 “decem
1188 4400 1322 4466 Cornua
1345 4402 1462 4465 decern

347 4488 462 4571 Reges
489 4491 567 4566 sint,
595 4492 650 4573 qui
680 4495 869 4574 potentiam
899 4507 935 4558 et
965 4505 1172 4577 potestatem
1202 4515 1298 4559 suam
1329 4494 1463 4559 Bestiae

346 4583 511 4648 tradent.”
556 4585 595 4649 In
614 4606 711 4650 versu
734 4602 788 4669 17:
819 4588 941 4651 “Deus
959 4590 1053 4654 dedit
1071 4591 1105 4653 in
1122 4589 1226 4654 corda
1248 4608 1363 4653 eorum
1383 4591 1462 4653 dare
