3384 5400
527 693 607 743 cre.
624 694 713 758 xxn,
730 692 832 745 vens.
850 694 958 745 2.-N.
975 683 1045 751 880.
1283 698 1342 766 791

228 862 341 941 vitae;
374 882 476 945 quare
505 862 563 926 ille
592 883 672 945 prae
694 862 829 947 reliquis
853 862 1032 946 Apostolis
1055 874 1187 929 amatus
1216 866 1287 943 luit,
1311 879 1346 932 et

228 957 271 1020 ad
294 956 444 1023 Caenam
467 956 581 1021 cubuit
603 959 648 1021 ad
670 955 787 1040 pectus
811 958 948 1022 Domini
973 958 1068 1042 (Jok.
1092 960 1159 1023 xiii.
1183 976 1243 1040 233
1274 981 1346 1043 cap.

228 1052 300 1115 xxi.
317 1050 395 1135 20);
428 1059 464 1115 et
487 1051 571 1115 haec
596 1051 761 1128 Ecclesia,
781 1052 824 1115 de
846 1074 913 1135 qua
932 1072 1019 1117 nunc
1042 1055 1164 1135 agitur,
1184 1056 1346 1143 similiter.

228 1146 328 1228 Quod
347 1166 406 1229 per
423 1150 442 1179 ‘⁸
454 1145 728 1227 Hierosolymam
737 1147 752 1172 ”
768 1146 977 1229 significetur
996 1148 1161 1225 Ecclesia,
1178 1150 1347 1233 videbitur

227 1243 260 1305 in
282 1250 447 1323 sequente
469 1239 632 1321 articulo;
666 1262 752 1324 quae
774 1252 916 1305 vocatur
936 1241 1043 1306 “urbs
1053 1240 1068 1267 '¹
1091 1253 1126 1306 et
1150 1242 1348 1307 describitur

229 1347 265 1400 ut
288 1336 367 1399 urbs
393 1356 438 1398 ex
461 1332 615 1398 dodtrina
644 1345 680 1399 et
709 1356 754 1399 ex
787 1337 858 1399 vita
881 1338 1065 1401 secundum
1088 1336 1192 1414 illam,
1218 1334 1348 1401 “urbs”

227 1431 317 1493 enim
339 1430 373 1492 in
392 1429 556 1512 spirituali
574 1428 684 1494 Sensu
702 1429 870 1512 significat
889 1427 1078 1495 doftrinam
1099 1429 1146 1513 (n.
1170 1448 1238 1512 194,
1257 1430 1347 1514 712).

228 1524 381 1588 Vocatur
400 1521 570 1587 “sancta''
593 1540 637 1587 ex
662 1524 821 1600 Domino,
846 1522 912 1605 Qui
936 1522 1034 1588 Solus
1057 1537 1110 1590 est
1134 1524 1288 1601 Sanitus,
1312 1537 1347 1589 et

227 1640 273 1683 ex
296 1619 426 1683 Divinis
448 1620 536 1682 veris
558 1639 644 1701 quae
670 1640 715 1682 ex
739 1619 857 1682 Verbo
879 1629 958 1683 sunt
988 1640 1008 1683 a
1039 1620 1186 1684 Domino
1215 1622 1249 1683 in
1278 1620 1346 1695 illa,
1390 1650 1393 1656 ·

228 1734 315 1796 quae
337 1723 503 1778 vocantur
525 1710 643 1776 sancta
668 1711 715 1795 (n.
742 1728 810 1793 173,
833 1712 903 1794 586,
923 1714 995 1790 666,
1016 1714 1115 1797 852);
1149 1724 1185 1779 et
1207 1725 1349 1791 vocatur

229 1808 386 1883 “Nova'’
416 1809 493 1891 quia
519 1806 649 1871 Sedens
678 1828 778 1891 super
807 1807 948 1872 Throno
977 1810 1076 1885 dixit,
1108 1810 1232 1873 “Ecce
1260 1829 1350 1896 nova

228 1905 340 1967 omnia
356 1902 472 1967 ‘sacio'’
496 1901 597 1984 (vers.
622 1900 676 1984 5);
708 1922 747 1965 ac
775 1902 897 1966 dicitur
920 1903 1160 1967 “descendens
1182 1924 1203 1967 a
1230 1904 1305 1967 Deo
1327 1925 1347 1968 e

228 1996 362 2072 Caelo,''
383 1998 462 2080 quia
483 2017 503 2060 a
526 1996 673 2059 Domino
702 2016 762 2079 per
784 1996 919 2060 Novum
943 1996 1083 2061 Caelum
1106 1997 1345 2072 Christianum,

227 2092 271 2155 de
293 2112 360 2174 quo
383 2092 415 2155 in
438 2111 537 2155 versu
562 2106 576 2153 1
600 2090 696 2173 hujus
719 2092 839 2173 capitis
864 2090 911 2173 (n.
928 2091 1017 2175 876),
1037 2111 1115 2155 nam
1139 2090 1294 2155 Ecclesia
1315 2095 1349 2157 in

228 2189 326 2250 terris
347 2186 509 2251 formatur
531 2206 591 2269 per
614 2184 754 2249 Caelum
776 2205 797 2248 a
821 2185 978 2262 Domino,
998 2196 1035 2249 ut
1058 2206 1160 2249 unum
1183 2196 1289 2268 agant
1312 2198 1348 2252 et

228 2282 476 2345 consocientur.

291 2376 395 2444 880.
424 2378 526 2460 Quod
548 2400 608 2463 per
630 2377 958 2459 “Hierosolymam”
981 2380 1013 2443 in
1038 2380 1155 2445 Verbo
1177 2377 1348 2464 intelliga-

228 2484 283 2538 tur
305 2473 472 2550 Ecclesia,
493 2484 546 2537 est
569 2475 646 2557 quia
668 2474 712 2537 ibi
735 2474 768 2536 in
791 2472 898 2537 Terra
920 2472 1089 2551 Canaane,
1109 2486 1144 2539 et
1167 2496 1235 2539 non
1257 2476 1347 2549 alibi,

228 2568 410 2650 Templum
442 2577 526 2643 erat,
560 2566 683 2631 Altare
715 2578 799 2642 erat,
833 2568 994 2649 sacrificia
1026 2568 1164 2646 fiebant,
1197 2571 1245 2633 ita
1277 2569 1348 2652 ipse

228 2664 339 2728 cultus
362 2658 522 2742 Divinus;
546 2682 648 2746 quare
670 2662 772 2727 etiam
795 2663 861 2727 tria
882 2662 969 2727 festa
988 2664 1169 2752 quotannis
1191 2665 1235 2729 ibi
1258 2664 1348 2730 cele'·

229 2759 422 2835 brabantur,
441 2769 476 2822 et
498 2759 542 2822 ad
565 2757 623 2821 illa
641 2759 750 2822 omnis
770 2757 937 2821 masculus
956 2761 1061 2822 totius
1079 2769 1189 2824 terrae
1208 2759 1348 2823 manda·

229 2862 284 2918 tus
314 2863 367 2917 est
399 2853 534 2917 venire:
573 2873 619 2915 ex
648 2873 690 2916 eo
719 2860 772 2915 est
802 2852 893 2934 quod
923 2873 983 2935 per
1015 2859 1035 2885 “
1049 2852 1325 2936 Hierosolymam
1334 2854 1348 2880 ”

228 2945 436 3030 significetur
454 2945 610 3010 Ecclesia
627 2947 738 3029 quoad
757 2945 897 3022 cultum,
918 2956 953 3010 et
976 2946 1053 3012 inde
1072 2967 1205 3030 quoque
1224 2947 1346 3012 Eccle-

228 3045 277 3106 sia
294 3042 406 3124 quoad
429 3039 628 3116 dodtrinam,
648 3060 727 3103 narn
749 3039 860 3103 cultus
883 3039 1120 3123 praescribitur
1142 3043 1175 3104 in
1195 3039 1348 3106 dodtrina

228 3146 263 3200 et
281 3134 320 3199 fit
339 3136 524 3199 secundum
543 3134 654 3199 illam:
679 3143 751 3199 tum
770 3135 848 3217 quia
866 3135 1031 3198 Dominus
1054 3136 1087 3198 in
1109 3134 1347 3216 Hierosolyma

227 3231 299 3306 suit,
326 3240 361 3295 et
388 3230 503 3294 docuit
529 3230 563 3292 in
588 3228 657 3294 Suo
684 3228 839 3310 Templo,
868 3239 903 3292 et
930 3240 1050 3311 postea
1076 3230 1120 3293 ibi
1146 3229 1348 3311 glorificavit

229 3325 425 3388 Humanum
441 3322 554 3388 Suum.
600 3321 700 3404 Quod
717 3343 776 3405 per
792 3328 811 3355 ⁴⁸
822 3322 1098 3404 Hierosolymam
1106 3323 1121 3348 ”
1136 3323 1347 3406 intelligatur

227 3419 385 3485 Ecclesia
414 3417 524 3501 quoad
554 3395 750 3481 doctrinam'
775 3426 812 3481 et
844 3419 923 3481 inde
953 3417 1092 3493 cultum,
1124 3437 1169 3482 ex
1199 3418 1348 3501 pluribus

228 3515 313 3578 locis
328 3515 364 3577 in
382 3511 499 3578 Verbo
517 3521 624 3595 patet,
642 3520 680 3575 ut
698 3532 744 3575 ex
761 3511 823 3575 his.
867 3511 971 3594 Apud
989 3509 1155 3595 Esajam:

278 3670 419 3736 “Propter
430 3671 542 3721 Zionem
554 3684 610 3720 non
623 3671 726 3729 tacebo,
739 3678 767 3720 et
778 3679 888 3733 propter
901 3668 1121 3734 Hierosolymam
1133 3685 1189 3721 non
1201 3671 1345 3736 quiescam,

359 3751 443 3801 usque
459 3737 523 3786 dum
541 3745 619 3785 exeat
636 3737 704 3785 sicut
721 3735 849 3799 splendor
865 3733 973 3800 Justitia
989 3735 1056 3798 ejus,
1071 3745 1097 3786 et
1115 3737 1192 3787 Salus
1208 3738 1268 3800 ejus
1280 3739 1348 3788 sicut

358 3803 463 3866 lampas
479 3802 587 3852 ardeat:
610 3811 674 3851 tunc
691 3802 820 3850 videbunt
836 3800 939 3850 Gentes
956 3799 1090 3866 Juetitiarn
1109 3813 1191 3862 tuam,
1209 3811 1236 3852 et
1251 3818 1348 3857 omncs

360 3867 448 3931 Reges
464 3867 584 3917 Gloriam
603 3876 691 3917 tuam:
718 3877 745 3915 et
762 3867 900 3916 vocabitur
916 3867 964 3916 tibi
982 3881 1081 3916 nomen
1099 3881 1208 3928 novum,
1228 3869 1299 3932 quod
1316 3883 1347 3918 os

376 3933 477 3983 eborae
497 3933 662 3991 enuntiabit:
687 3940 715 3981 et
737 3932 791 3981 eris
812 3945 914 3980 corona
935 3931 1039 3981 decoris
1062 3931 1089 3980 in
1113 3947 1195 3982 manu
1220 3931 1269 3982 Dei
1292 3935 1345 3984 tui:

447 3999 544 4048 lacebit
554 3997 677 4063 Jehovalr
694 3997 722 4046 in
740 4009 775 4057 te,
788 4005 816 4046 et
832 4006 904 4046 terra
920 4006 966 4046 tua
977 3997 1152 4048 maritabitur.
1190 3997 1257 4048 Ecce
1269 3999 1347 4050 Salus

359 4074 406 4113 tua
416 4063 515 4123 veniet,
528 4077 590 4112 ecce
601 4077 704 4112 merces
717 4063 805 4126 Ipsius
817 4077 878 4112 curn
892 4061 955 4125 Ipso
965 4079 970 4112 :
989 4072 1016 4112 et
1027 4065 1164 4113 vocabunt
1174 4063 1244 4124 illos,
1260 4063 1349 4128 Popu-

359 4129 401 4178 lus
414 4127 575 4187 canditatio,
591 4127 733 4190 Redempti
749 4127 884 4192 Jehovae:
903 4137 929 4178 et
947 4137 975 4177 tu
991 4127 1130 4178 vocaberis
1141 4129 1263 4192 quaeslta
1274 4131 1345 4188 urbs,

358 4209 415 4244 uon
426 4193 554 4244 deserta”
564 4193 630 4256 (lxii.
643 4206 698 4256 1-4,
711 4205 750 4253 11,
763 4191 812 4256 η).

231 4349 357 4433 Agitur
374 4349 409 4412 in
426 4357 503 4413 toto
520 4347 580 4411 illo
598 4347 709 4429 capite
727 4348 770 4410 de
789 4345 953 4410 Adventu
973 4347 1119 4420 Domini,
1139 4357 1174 4410 et
1197 4346 1240 4411 de
1258 4369 1349 4412 nova

232 4446 274 4509 ab
302 4444 384 4527 Ipso
409 4440 627 4507 instauranda
653 4441 816 4505 Ecclesia.
862 4440 962 4505 Nova
987 4441 1071 4505 haec
1099 4440 1254 4505 Ecclesia
1283 4453 1347 4516 est,

230 4558 315 4621 quae
329 4537 529 4619 intelligitur
544 4556 602 4619 per
616 4540 635 4569 ‘⁸
646 4534 949 4617 Hierosolymam,''
961 4536 1013 4599 cui
1029 4535 1204 4599 vocabitur
1221 4554 1344 4598 nomen

232 4651 356 4697 novum
382 4632 472 4716 quod
499 4651 538 4696 os
564 4629 713 4714 Jehovae
736 4630 937 4706 enuntiabit,
964 4649 1116 4714 quaeque
1137 4631 1201 4694 erit
1223 4649 1349 4694 corona
