3384 5400
383 652 444 719 574
701 651 950 703 APOCALYPSIS
973 651 1184 702 REVELATA.

380 822 524 906 solymae
540 822 581 886 de
603 821 781 903 Scriptura
801 822 908 886 Sacra
928 820 975 904 (n.
994 821 1127 904 70-75),
1146 832 1182 887 et
1201 823 1243 886 de
1267 821 1420 888 Sacrario
1442 823 1503 889 illo

382 916 430 992 (n.
447 931 486 996 73
503 916 573 999 ibi).
626 917 677 981 De
693 915 877 981 sanctitate
893 918 1006 1000 Legis,
1023 937 1110 999 quae
1126 917 1329 1000 Decalogus,
1346 919 1504 983 videatur

381 1011 541 1076 Datin'na
568 1009 662 1076 Vitae
679 1023 744 1092 pro
762 1012 861 1076 Noua
882 1011 1114 1094 Hierosolyma
1135 1033 1178 1074 ex
1190 1013 1377 1095 praeceptis
1395 1013 1502 1077 Deca-

380 1106 449 1188 lagr’
462 1106 508 1189 (n.
528 1106 655 1188 53-60).
701 1105 801 1188 Quod
821 1106 925 1182 Arca,
944 1108 977 1170 in
995 1127 1062 1190 qua
1079 1107 1211 1170 suerunt
1230 1108 1329 1171 binae
1348 1108 1502 1172 Tabulae

380 1201 555 1283 Decalogi,
586 1202 726 1282 adytum
756 1221 814 1264 seu
843 1203 998 1264 intimum
1029 1201 1162 1284 Templi
1197 1201 1501 1284 Hierosolymitani

378 1297 505 1371 fecerit,
523 1306 559 1360 et
582 1296 672 1379 quod
695 1297 741 1359 sic
765 1295 1037 1359 Tabernaculum
1059 1297 1114 1369 ibi,
1138 1295 1292 1359 videatur
1318 1312 1330 1358 1
1355 1296 1437 1378 Reg.
1456 1299 1500 1361 vi.

383 1393 502 1471 1p28;
533 1411 604 1473 cap.
625 1392 688 1455 viii.
709 1389 796 1471 3-9l¹¹
842 1389 943 1472 Quod
967 1391 1054 1466 Lex,
1075 1411 1161 1473 quae
1184 1390 1389 1473 Decalogus,
1409 1387 1503 1456 dieta

379 1489 422 1550 sit
442 1486 699 1560 Testimonium,
720 1495 856 1548 constat
875 1505 920 1548 ex
939 1485 991 1548 his
1009 1484 1112 1548 locis:

430 1643 599 1694 “Descendit
618 1642 718 1702 Moses,
737 1653 764 1692 et
781 1643 850 1692 duae
868 1641 987 1691 Tabulae
1005 1643 1164 1693 Testimonii
1183 1643 1211 1691 in
1229 1658 1311 1692 manu
1328 1644 1403 1706 elus:
1421 1655 1502 1698 erant

508 1709 625 1758 Tabulae
638 1723 706 1771 opus
725 1708 783 1766 Dei,
798 1709 930 1770 scriptura
940 1718 998 1757 erat
1009 1709 1139 1771 scriptura
1157 1708 1215 1768 Dei,
1229 1710 1321 1759 excisa
1331 1724 1412 1772 super
1423 1713 1502 1762 tabu·

508 1775 541 1832 lis
549 1774 563 1794 ”
575 1775 667 1836 (Exod.
680 1775 760 1823 xxxii.
776 1786 813 1833 τε,
828 1774 883 1833 16);

429 1839 531 1890 “Duae
543 1841 662 1918 Tabulae
671 1840 840 1898 Testimonii,
852 1839 972 1889 Tabulae
983 1839 1088 1902 lapidis,
1099 1839 1214 1904 scriptae
1223 1839 1308 1902 digito
1320 1838 1370 1889 Dei
1378 1838 1392 1859 '¹
1401 1839 1498 1904 (Exue.

428 1906 829 2098 Dixitffkplii:2‘;lp2t)l;rcam
841 1971 918 2020 dabis
931 1969 1137 2030 Testimonium,
1151 1969 1223 2034 quod
1237 1969 1308 2020 dabo
1319 1969 1389 2019 tibi”
1401 1968 1498 2033 (Exed.

429 2101 489 2152 “Et
501 2102 593 2152 Moses
605 2101 718 2164 sumpsit
730 2109 757 2150 et
768 2101 842 2151 dedit
853 2102 881 2150 in
894 2101 991 2150 Arcam
1004 2100 1201 2151 Testimonium
1208 2099 1224 2122 ”
1235 2099 1329 2163 (Exci.
1341 2100 1377 2151 xl.
1388 2101 1447 2162 ao);

428 2169 492 2220 “Ut
504 2178 581 2244 tegat⁴
594 2170 679 2246 nunes
691 2167 836 2218 suffimenti
856 2166 1081 2231 Propitiatorium,
1095 2167 1168 2232 quod
1183 2181 1265 2230 super
1277 2167 1475 2217 Testimonium
1484 2167 1500 2189 ’¹

425 2233 812 2366 Jehotiathmilini'ttw'ativlilosen
838 2298 997 2361 “Relinque
1019 2298 1129 2347 baculos
1152 2312 1242 2347 coram
1266 2297 1443 2357 Testimonio,
1470 2309 1500 2349 et

506 2365 629 2414 maulam
646 2365 783 2415 Aharonis
801 2373 897 2427 postea
913 2373 974 2414 aute
994 2363 1192 2414 Testimonium
1199 2362 1213 2383 ’¹
1230 2361 1326 2426 (Num.
1336 2364 1400 2414 xvii.
1413 2375 1452 2427 19,
1465 2377 1498 2426 25

427 2495 487 2546 “Et
502 2428 600 2546 ἐίξεέρ
607 2431 719 2560 cilicinis:
729 2495 839 2544 baculos
851 2509 942 2544 coram
953 2494 1077 2560 Jehovah
1084 2493 1099 2514 ”
1111 2492 1322 2558 (Numenius
1335 2491 1382 2561 [B.
1393 2495 1417 2544 A
1421 2531 1429 2547 .
1441 2491 1490 2562 7]),

375 2629 469 2693 Arca
488 2637 629 2690 vocatur

666 2743 683 2767 '¹
691 2740 762 2792 Arca
773 2739 956 2792 Testimonii”
967 2738 1061 2804 (Exci.
1072 2741 1144 2793 xxxi.
1156 2739 1198 2804 7);

373 2908 413 2953 ac
433 2884 704 2951 Tabernaculum
719 2894 861 2949 vocatur

572 3036 590 3058 ¹⁴
599 3032 788 3083 Habitaculum
800 3032 824 3082 T
825 3033 962 3083 estimonil
970 3032 985 3055 '¹
1002 3031 1096 3097 (ΕΜ.
1108 3034 1217 3086 xxxviii.
1228 3033 1279 3099 τι).

433 3193 536 3274 67⁰.
561 3199 646 3266 [Vm.
659 3198 698 3265 6.]
724 3187 789 3251 ‘te
801 3186 962 3251 ericaeum
971 3193 1088 3269 uptam
1097 3188 1207 3271 tapeti
1216 3190 1364 3256 patentes
1377 3199 1498 3275 septem

370 3283 483 3364 pisper
507 3300 525 3343 e
553 3279 706 3361 Temmof'
726 3277 895 3360 significat
915 3280 1214 3360 praeparationem
1238 3302 1260 3344 a
1283 3281 1427 3346 Domina
1447 3286 1499 3347 ad

372 3374 535 3459 instratum
552 3394 594 3435 ex
608 3371 722 3435 intimo
740 3369 836 3435 Caeli
850 3370 885 3434 in
905 3370 1093 3447 Ecclesiam,
1110 3382 1147 3435 ut
1161 3373 1251 3435 mala
1266 3384 1299 3437 ct
1306 3374 1407 3453 falsa
1423 3376 1495 3459 q'us

373 3466 609 3531 universaliter
619 3466 853 3547 detegerentur,
866 3474 898 3527 et
909 3464 957 3527 sic
967 3474 1205 3545 separarentur
1215 3468 1300 3530 mali
1310 3490 1332 3531 a
1347 3468 1496 3532 bonis.-

374 3561 475 3644 Quod
500 3582 558 3643 per
582 3566 743 3642 “septem
766 3558 947 3640 Angelos”
969 3560 1179 3641 intelligatur
1202 3560 1378 3637 Dominus,
1397 3563 1494 3627 vide·

372 3667 448 3721 atur
460 3676 558 3737 supra
572 3654 619 3737 (n.
631 3654 709 3736 657)
724 3676 730 3731 ;
754 3654 844 3736 quod
861 3673 920 3735 per
934 3658 953 3685 “
962 3664 1094 3736 septem
1107 3654 1225 3736 plagas
1234 3655 1248 3679 ”
1261 3655 1495 3737 significentur

372 3752 485 3815 omnia
512 3750 600 3813 mala
626 3760 661 3813 et
687 3749 771 3812 salsa
797 3748 1030 3812 universaliter
1055 3746 1240 3824 intellecta,
1263 3752 1365 3813 etiam
1392 3772 1494 3833 supra

373 3845 420 3927 (n.
441 3844 541 3926 657);
569 3865 628 3926 per
652 3842 863 3925 “Templum
872 3842 887 3867 '¹
909 3842 962 3906 hic
986 3841 1186 3925 intelligitur
1208 3845 1362 3908 intimum
1386 3845 1491 3921 Caeli,

372 3940 427 4002 ubi
450 3938 600 4002 Verbum
624 3948 659 4001 et
683 3937 889 4018 Decalogus,
912 3947 949 4000 ut
973 3956 1054 4000 mox
1078 3958 1177 4020 supra
1202 3936 1248 4020 (n.
1271 3938 1370 4022 669);
1400 3942 1492 4022 quod

371 4053 430 4116 per
453 4035 650 4096 “exiverint
673 4052 692 4095 e
715 4031 884 4113 Templo”
907 4031 1114 4113 significetur
1137 4035 1347 4115 praeparatio
1370 4034 1413 4096 ad
1439 4035 1491 4097 in-

370 4126 508 4203 fluxum,
528 4138 580 4190 est
599 4128 676 4210 quia
694 4128 874 4191 exiverunt
893 4136 929 4189 ut
950 4136 1129 4210 postquam
1149 4129 1341 4209 acceperint
1359 4127 1492 4211 phialas

370 4221 571 4303 projicerent
590 4222 709 4303 plagas
732 4223 766 4284 in
789 4220 908 4303 phialis
928 4223 962 4284 in
983 4231 1118 4297 terram,
1137 4221 1170 4283 in
1195 4242 1296 4297 mare,
1316 4224 1348 4285 in
1372 4222 1491 4287 fluvios

369 4326 404 4379 et
427 4316 549 4390 tontes,
569 4317 602 4378 in
627 4314 752 4389 Solem,
777 4335 877 4397 super
899 4315 1056 4379 thronum
1082 4314 1228 4389 Bestiae,
1251 4325 1286 4378 et
1309 4318 1343 4378 in
1365 4338 1490 4394 aerem,

369 4430 429 4491 per
444 4430 529 4492 quae
545 4408 752 4491 significatur
766 4409 912 4473 influxus
930 4410 964 4472 in
984 4408 1173 4472 Ecclesiam
1189 4420 1226 4472 ut
1245 4410 1335 4473 mala
1353 4421 1388 4474 et
1406 4411 1491 4476 falsa

369 4503 439 4584 ejus
462 4504 687 4586 detegantur;
718 4505 808 4586 quod
835 4504 899 4567 hoc
926 4513 1064 4586 propter
1086 4506 1334 4586 separationem
1356 4506 1490 4570 illorum

369 4619 389 4663 a
408 4601 515 4677 bonis,
535 4600 702 4664 videbitur
720 4601 753 4663 in
773 4600 884 4683 capite
903 4609 1076 4681 sequente.
