3384 5400
555 675 634 724 cnr.
652 674 725 735 xx,
739 674 840 723 vens.
860 672 967 741 3.-1v.
984 660 1054 738 844.
1302 670 1362 741 733

244 864 346 923 num;
370 866 430 927 per
450 846 541 929 quod
566 845 777 910 “conclusus
800 844 866 908 sit’'
887 842 1095 926 significatur
1115 841 1205 925 quod
1229 860 1363 924 prorsus

242 940 366 1002 remoti
387 940 474 1017 sint;
506 960 566 1021 per
588 939 678 1023 quod
699 940 945 1021 “obsignatum
969 938 1012 1001 sit
1035 956 1135 1019 super
1152 936 1217 999 eo”
1236 936 1362 1018 signifi-

241 1046 342 1098 catur
362 1034 453 1117 quod
483 1034 747 1098 communicatio
776 1054 853 1097 cum
884 1032 1018 1115 reliquis
1042 1048 1177 1113 prorsus
1200 1031 1363 1113 adempta

240 1131 296 1191 sit.
342 1127 451 1192 Causa
474 1129 564 1210 quod
592 1128 706 1212 Draco
728 1146 862 1211 prorsus
886 1137 1036 1190 remotus
1066 1126 1110 1187 sit
1139 1125 1191 1187 ad¹
1214 1134 1361 1207 tempus,

240 1232 295 1286 cst
319 1233 356 1286 ut
380 1223 423 1285 ab
446 1223 599 1286 inferiore
618 1232 708 1287 terra
726 1222 940 1285 elevarentur
959 1220 1005 1283 illi
1023 1220 1078 1303 qui
1098 1238 1118 1282 a
1142 1219 1290 1284 Domino
1309 1240 1362 1283 re·

239 1316 371 1380 conditi
389 1314 521 1380 luerunt
543 1316 600 1398 (de
616 1315 734 1399 qulbus
749 1336 834 1379 vers.
850 1315 923 1395 4-6,
941 1314 1079 1396 agitur),
1095 1334 1176 1377 nea
1196 1314 1361 1378 Draconi·

238 1412 299 1483 cis,
317 1431 394 1473 cum
410 1411 596 1486 elevantur,
614 1411 874 1486 seducerentur;
898 1428 1000 1492 quare
1019 1410 1123 1472 etiam
1137 1409 1270 1485 dicitur,
1289 1416 1362 1474 “ne

238 1504 418 1569 seduceret
434 1516 557 1587 gentes
573 1504 746 1587 ampliuS,”
759 1524 818 1586 per
832 1524 918 1586 quae
938 1502 1146 1585 significatur
1162 1524 1204 1567 ne
1219 1505 1361 1587 inspira·

238 1608 292 1662 ret
323 1598 388 1662 illis
411 1620 456 1662 ex
480 1600 609 1662 haeresi
632 1620 692 1661 sua
715 1599 850 1681 aliquid.
895 1596 997 1678 Quod
1020 1597 1084 1660 boc
1108 1594 1233 1661 ladtum
1257 1600 1300 1662 sit
1327 1600 1361 1663 in'

239 1693 371 1757 Mundo
394 1694 580 1775 spirituum,
600 1694 655 1775 qui
678 1702 731 1756 est
754 1692 883 1755 medius
906 1693 995 1755 inter
1018 1690 1157 1755 Caelum
1188 1702 1229 1757 et
1255 1692 1360 1756 Inier-

237 1808 332 1863 num,
352 1797 405 1851 est
429 1789 505 1870 quia
528 1787 572 1850 ibi
594 1787 848 1851 communicant
872 1785 952 1849 mali
976 1805 1052 1849 cum
1076 1787 1184 1862 boniS,
1205 1797 1239 1850 et
1263 1808 1360 1869 prae·

237 1891 402 1965 parantur
423 1883 456 1945 in
480 1880 540 1944 illo
563 1882 690 1944 mundo
709 1881 788 1944 boni
807 1881 850 1943 ad
870 1880 1010 1944 Caelum
1030 1890 1064 1945 et
1085 1880 1163 1944 mali
1187 1882 1230 1945 ad
1255 1882 1360 1946 Inser-

238 1996 331 2051 num,
356 1985 390 2039 et
421 1975 607 2058 probantur
629 1974 673 2037 ibi
703 1974 783 2037 boni
810 1996 869 2057 per
892 1975 1099 2037 consortium
1123 1973 1259 2057 aliquod
1283 1995 1359 2039 cum

236 2068 348 2144 malis,
379 2080 415 2133 et
445 2069 668 2151 explorantur
696 2069 812 2151 quales
842 2078 921 2131 sunt
952 2078 987 2131 et
1017 2088 1117 2151 quam
1148 2079 1358 2133 constantes.

236 2165 302 2227 Per
321 2165 502 2246 “gentes''
519 2184 601 2246 quas
620 2184 663 2227 ne
682 2164 870 2237 seduceret,
892 2162 1129 2245 intelliguntur
1146 2163 1245 2242 boni;
1269 2165 1359 2248 quod

236 2278 299 2340 per
318 2258 498 2340 “gentes''v
511 2257 747 2339 intelligantur
769 2259 824 2340 qui
846 2258 927 2320 boni
950 2267 1029 2321 sunt
1052 2258 1163 2340 quoad
1186 2258 1303 2335 vitam,
1323 2270 1359 2323 et

235 2355 270 2415 in
295 2354 455 2435 opposito
477 2372 577 2443 sensu
601 2351 691 2424 mali,
715 2352 870 2416 videatur
892 2372 992 2434 supra
1016 2349 1063 2435 (n.
1085 2352 1175 2435 483).
1221 2352 1277 2415 Ex
1307 2352 1359 2415 his

235 2456 397 2510 constare
420 2456 547 2530 potest,
571 2447 662 2529 quod
688 2467 748 2529 per
772 2445 947 2527 “conjecit
971 2464 1047 2510 eum
1070 2446 1104 2510 in
1127 2448 1298 2527 abyssum,
1322 2458 1358 2511 et

235 2539 405 2603 conclusit
428 2558 505 2603 eum
536 2550 571 2603 et
602 2537 796 2622 obsignavit
820 2560 919 2622 super
949 2560 990 2603 eo
1001 2540 1015 2564 ''
1038 2538 1246 2622 significetur
1268 2543 1358 2623 quod

236 2633 404 2697 Dominus
428 2655 562 2718 prorsus
585 2635 765 2698 removerit
788 2633 865 2697 illos
887 2636 943 2717 qui
973 2636 1006 2697 in
1033 2634 1125 2698 falsis
1147 2634 1224 2697 fidei
1248 2646 1356 2711 erant,

234 2749 275 2792 ac
307 2729 473 2792 ademerit
496 2749 633 2792 omnem
657 2731 1002 2793 communicationem
1026 2749 1141 2794 eorum
1173 2749 1249 2793 cum
1280 2731 1357 2794 reli-

234 2823 320 2904 quis,
341 2843 384 2886 ne
403 2845 447 2886 ex
466 2825 596 2887 haeresi
615 2845 675 2886 sua
693 2825 894 2906 inspirarent
913 2823 1038 2907 aliquid
1056 2823 1122 2887 illis
1141 2826 1195 2907 qul
1218 2825 1251 2888 in
1272 2823 1357 2889 Cae·

236 2917 307 2979 lum
327 2915 548 2981 elevarentur.

296 3017 397 3102 844.
425 3027 445 3055 ¹¹
453 3019 556 3082 lloroo
570 3024 856 3083 consummarentur
867 3017 948 3082 millo
961 3017 1044 3093 orni,
1055 3025 1169 3102 etpost
1181 3021 1260 3085 loeo
1272 3041 1359 3103 opor·

235 3113 284 3170 tot
302 3125 370 3170 erm
390 3107 468 3171 rolrr'
484 3107 625 3190 oripuvm
638 3109 792 3188 tampur,''
806 3107 974 3190 significat
989 3109 1080 3190 quod
1095 3109 1175 3172 haec
1188 3110 1357 3193 aliquam·

234 3201 295 3263 dria
308 3221 366 3264 seu
380 3200 551 3282 aliquanto
569 3210 723 3282 tempore,
740 3199 935 3282 usquedum
950 3221 972 3263 a
986 3200 1125 3264 Domino
1141 3201 1269 3266 sublati
1280 3215 1359 3267 sunt

234 3296 270 3358 in
296 3293 432 3359 Caelum
454 3295 514 3377 qui
535 3295 571 3357 in
592 3295 684 3358 veris
705 3316 748 3357 ex
769 3293 849 3357 bono
870 3303 988 3368 erant,·
1016 3303 1100 3376 post
1121 3297 1210 3377 quod
1228 3295 1283 3359 illi
1301 3300 1359 3380 qui

231 3401 300 3474 per
312 3389 519 3452 “Draconem
526 3388 541 3413 ''
553 3388 793 3470 rittelltgrrrrtur,
808 3387 905 3452 brevi
918 3397 1066 3469 tempore
1075 3389 1227 3453 solvendi
1235 3391 1312 3466 st'nt,
1327 3402 1359 3456 et

234 3483 306 3546 illis
324 3483 506 3564 aperienda
523 3483 767 3546 communicatio
783 3505 856 3545 cum
874 3481 1170 3565 reliquis—Quod
1189 3505 1248 3567 per
1265 3486 1356 3550 “do-

235 3597 298 3641 nec
313 3588 628 3640 consummarentur
642 3577 733 3640 mille
745 3579 824 3640 anni
832 3578 847 3602 ''
860 3575 1068 3660 significetur
1080 3578 1285 3660 aliquamdiu
1298 3601 1357 3644 seu

235 3671 412 3754 aliquanto
430 3680 596 3753 tempore,
614 3682 666 3735 est
683 3673 759 3754 quia
779 3693 838 3754 per
855 3671 976 3734 “mille
994 3671 1125 3735 annos''
1142 3692 1209 3735 non
1229 3675 1355 3756 signifi-

234 3775 358 3828 cantur
380 3765 472 3828 mille
494 3766 584 3839 anni,
608 3765 669 3828 sed
692 3765 897 3848 aliquamdiu
923 3775 959 3828 et
989 3765 1165 3848 aliquanto
1188 3777 1354 3850 tempore,

236 3870 273 3923 ut
296 3878 396 3940 supra
419 3857 466 3940 (n.
486 3858 584 3941 842);
616 3879 675 3940 per
695 3864 861 3941 “oportet
884 3879 960 3922 eum
980 3859 1065 3923 solvi
1083 3861 1246 3942 exiguum
1266 3872 1355 3926 tem·

235 3971 297 4033 pus
305 3952 321 3975 ’'
336 3951 545 4034 significatur
562 3953 652 4035 quod
671 3963 750 4034 post
769 3953 801 4015 id
821 3952 868 4015 illi
887 3955 942 4035 qui
961 3973 1020 4036 per
1040 3953 1262 4018 “Draconem
1271 3955 1286 3982 ”
1302 3957 1355 4020 hle

234 4043 482 4126 intelliguntur,
514 4046 557 4108 de
587 4047 706 4130 qulbus
736 4067 846 4129 supra,
879 4068 897 4110 e
928 4047 1082 4110 custodia
1112 4067 1172 4111 sua
1202 4049 1356 4113 solvendi

234 4140 314 4214 sint,
339 4149 374 4202 et
401 4150 482 4203 tunc
513 4139 579 4203 illis
608 4142 789 4222 aperienda
812 4143 1077 4205 communicatio
1099 4161 1176 4205 cum
1201 4143 1354 4226 reliquis;

234 4234 326 4316 quod
356 4234 439 4297 haec
468 4233 709 4316 significentur,
734 4243 829 4317 patet
861 4255 880 4298 a
910 4233 1119 4318 supradictis,
1144 4239 1192 4300 ita
1222 4257 1241 4300 a
1271 4241 1356 4302 serie

233 4348 356 4403 rerum,
381 4337 416 4391 et
445 4349 465 4390 a
492 4330 708 4392 connexione
731 4349 806 4393 cum
831 4331 1049 4413 sequentibus
1072 4331 1105 4393 ln
1129 4329 1237 4394 Sensu
1260 4333 1355 4414 spiri·

235 4421 328 4486 tuali.
374 4419 501 4503 Agitur
517 4424 552 4485 in
572 4441 659 4486 nunc
679 4425 897 4506 sequentibus
919 4424 953 4506 (a
972 4445 1056 4487 vers.
1074 4425 1154 4503 4ad
1173 4425 1208 4508 6)
1229 4426 1271 4488 de
1290 4425 1355 4489 illis

235 4517 291 4598 qui
308 4537 329 4580 a
348 4515 498 4580 Domino
516 4516 640 4580 sublati
659 4529 737 4581 sunt
756 4519 788 4580 in
809 4515 961 4593 Caelum,
982 4528 1120 4602 propter
1138 4538 1222 4603 quos
1242 4519 1355 4585 Draco
1417 4515 1425 4530 ’

236 4621 386 4675 remotus
404 4619 440 4675 et
458 4610 638 4674 conclusus
657 4623 719 4674 est.
