3384 5400
541 682 1000 746 car.xv111.,vans.2.-n.
1016 674 1088 754 756.
1313 670 1378 760 ⁶57

259 855 385 922 Ultimo
395 853 531 932 Judicio
545 865 577 920 et
590 856 631 919 de
644 855 771 920 Mundo
787 855 972 939 Spin'tuali
985 857 1031 940 (n.
1047 857 1122 942 58);
1143 860 1272 943 qulbus
1281 861 1379 945 plura

253 951 401 1111 ῗῇἰερτε
430 969 499 1015 non
528 971 613 1035 opus
642 961 705 1015 est.
764 949 880 1016 Simile
909 952 952 1016 de
982 952 1109 1018 Babele
1137 954 1260 1019 dicitur
1288 956 1378 1040 apud

289 1063 422 1130 seryum:

308 1206 467 1257 “Clamavit
483 1205 537 1258 Leo
549 1221 630 1270 super
640 1207 764 1270 specula:
782 1215 808 1256 et
820 1206 894 1266 dixit,
908 1206 1020 1266 Cecidit,
1033 1208 1127 1258 cecidit
1140 1208 1232 1272 nauel,
1245 1218 1273 1261 et
1284 1211 1378 1262 omnia

388 1273 521 1335 sculptilia
532 1273 643 1324 deorum
655 1272 714 1336 ejus
726 1273 859 1336 confregit
870 1273 898 1322 in
911 1283 1009 1324 terram
1020 1273 1036 1293 ''
1047 1272 1111 1337 (xxi.
1126 1273 1150 1335 8,
1163 1275 1198 1339 9).

256 1423 391 1489 Similes
404 1425 518 1489 exilio
528 1424 706 1518 Religioso
714 1436 792 1508 post
802 1424 972 1490 Ultimum
981 1427 1148 1509 Judicium
1158 1427 1377 1512 colliguntur,

256 1529 293 1584 et
312 1521 480 1603 pervices
499 1520 542 1584 ad
561 1538 640 1583 suos
658 1521 849 1585 mittuntur.

316 1612 415 1694 756·
444 1610 510 1675 'fr
529 1611 616 1674 laetu
636 1617 688 1676 cet
706 1612 911 1676 haliaeetum
931 1613 1193 1688 daemonnm?
1207 1615 1377 1698 significat

256 1705 348 1786 quod
355 1704 489 1784 inferna
499 1725 609 1768 eorum
621 1705 692 1768 sint
702 1705 836 1787 inferna
846 1705 1178 1787 concupiscentiarum
1186 1707 1383 1774 dominandi

258 1819 302 1862 ex
314 1809 422 1862 oestro
436 1799 561 1862 amoris
577 1799 639 1876 sui,
656 1809 689 1862 et
701 1799 1033 1881 concupiscentivum
1043 1801 1286 1884 prophanandi
1297 1825 1380 1868 vera

261 1891 358 1958 Caeli
371 1913 414 1956 ex
430 1893 499 1957 selo
516 1893 632 1976 spurio
651 1893 743 1958 r'llius
761 1894 1004 1959 ancoris-Per
1023 1895 1256 1961 “daemonia’'
1273 1899 1378 1980 signi·
1455 1971 1459 1978 ,

257 1986 402 2053 ficantur
417 1989 713 2072 concupiscentiae
732 1988 811 2052 mali
829 1987 877 2072 (n.
891 1989 982 2072 458),
1000 2000 1036 2054 et
1050 2011 1184 2075 quoque
1199 1994 1380 2075 concupis·

258 2083 392 2147 centiae
410 2082 608 2147 falsificandi
623 2103 721 2162 vera;
745 2085 808 2147 sed
824 2083 1014 2160 daemonia,
1031 2087 1119 2150 sicut
1135 2088 1379 2169 concupiscen-

257 2180 338 2253 tiae,
366 2187 444 2241 sunt
472 2177 613 2260 plurium
642 2196 815 2260 generum,
843 2189 880 2242 at
907 2179 1054 2261 pessima
1080 2188 1160 2244 sunt
1186 2199 1276 2264 quae
1300 2193 1379 2247 sunt

257 2273 554 2355 concupiscentiae
565 2273 762 2336 dominandi
773 2293 818 2336 ex
831 2283 947 2336 oestro
959 2276 1082 2338 amoris
1092 2276 1141 2337 sui
1152 2295 1252 2358 super
1260 2274 1379 2340 santia

258 2367 438 2432 Ecclesiae
456 2378 491 2431 et
511 2385 609 2450 super
628 2367 788 2446 Caelum;
812 2377 848 2431 et
866 2369 944 2451 quia
965 2369 1019 2432 hic
1038 2370 1379 2439 dominatusinsidct

257 2461 416 2526 cordibus
438 2461 581 2537 illorum,
602 2470 681 2526 sunt
699 2463 802 2526 etiam
826 2464 1122 2545 concupiscentiae
1145 2465 1379 2547 prophanandi

256 2576 339 2621 vera
362 2555 455 2620 Caeli
478 2577 522 2620 ex
546 2555 620 2620 zelo
644 2558 755 2639 spurio
778 2556 866 2620 illius
888 2559 1031 2621 amoris:
1061 2569 1097 2622 et
1119 2559 1196 2641 qula
1218 2559 1277 2634 illi,
1302 2580 1379 2625 curn

257 2651 343 2717 fiunt
365 2652 555 2727 daemonia,
579 2651 669 2735 quod
692 2649 729 2715 fit
753 2661 831 2735 post
855 2661 1012 2727 mortem,
1032 2653 1143 2717 sciunt
1165 2653 1380 2737 quod-Solus

234 2748 426 2812 -Dominus
449 2746 641 2811 dominetur
667 2767 766 2830 super
788 2746 929 2812 Caelum
956 2757 991 2812 et
1014 2747 1166 2823 Terram,
1191 2746 1274 2813 fiunt
1302 2752 1381 2815 odia

257 2852 380 2905 contra
402 2839 527 2924 Ipsum,
548 2861 651 2923 usque
671 2840 810 2904 tandem
829 2848 867 2904 ut
889 2840 1139 2924 post-elapsum
1160 2842 1288 2907 saeculi
1310 2864 1379 2909 non

257 2938 450 3000 sustineant
466 2937 579 3000 audire
596 2936 710 3018 Ipsum
727 2936 902 3000 nominari.
947 2936 1004 2999 Ex
1023 2936 1074 3000 his
1090 2946 1197 3019 patet,
1214 2939 1304 3020 quod
1321 2959 1381 3022 per

260 3029 446 3112 “Babylon
462 3027 550 3093 satta
565 3039 619 3094 est
635 3029 866 3094 habitaculum
882 3030 1138 3095 daemoniorum
1145 3032 1160 3056 '’
1172 3031 1381 3113 significetur

256 3125 350 3209 quod
368 3124 496 3188 inferna
514 3123 647 3187 illorum
667 3125 734 3187 sint
752 3123 882 3187 inferna
900 3126 1250 3206 concupiscentiarum
1270 3126 1380 3191 domi·

258 3220 363 3285 nandi
383 3234 428 3283 ex
447 3228 561 3283 oestro
583 3220 707 3283 amoris
726 3220 785 3295 sui,
806 3229 842 3283 et
861 3220 1211 3302 concupiscentiarum
1234 3221 1380 3303 propha-

258 3315 363 3379 nandi
381 3335 461 3378 vera
479 3313 573 3378 Caeli
593 3334 638 3377 ex
657 3312 733 3378 zelo
750 3315 863 3396 spurio
884 3313 973 3377 lllius
990 3315 1124 3378 amoris.
1169 3314 1329 3378 Nescitur
1345 3318 1380 3379 in

258 3409 388 3473 mundo
406 3408 496 3493 quod
519 3428 638 3472 omnes
661 3417 739 3491 post
764 3417 909 3472 mortem
932 3407 1016 3473 fiant
1038 3407 1233 3472 aflettiones
1256 3410 1381 3473 amoris

258 3504 435 3585 regnantis
454 3504 542 3585 apud
561 3523 617 3581 se;
640 3500 834 3567 affectiones
857 3503 979 3577 bonae,
998 3504 1054 3586 qui
1077 3498 1316 3586 spectaverunt
1336 3504 1380 3566 ad

259 3596 445 3663 Dominum
458 3607 493 3661 et
506 3597 550 3659 ad
562 3596 713 3674 Caelum,
727 3616 766 3661 ac
780 3596 880 3660 simul
894 3596 1052 3678 sugerunt
1064 3596 1155 3661 mala
1167 3606 1204 3661 ut
1217 3607 1380 3680 peccata;

258 3703 297 3758 at
315 3688 510 3756 affet'tiones
529 3690 650 3766 malae,
669 3711 756 3772 quae
778 3700 857 3753 sunt
876 3692 1183 3772 concupiscentiae,
1202 3692 1259 3773 qui
1282 3711 1380 3772 spec·

258 3796 420 3853 taverunt
436 3784 545 3849 solum
562 3785 604 3849 ad
621 3806 657 3849 se
673 3786 768 3849 etad
784 3786 958 3859 mundum,
975 3805 1014 3849 ac
1032 3785 1123 3849 mala
1137 3785 1295 3868 sugerunt
1312 3806 1381 3851 non

259 3891 297 3945 ut
316 3890 471 3964 peccata,
491 3880 551 3942 sed
570 3880 673 3942 modo
692 3889 729 3941 ut
748 3878 873 3941 damna
891 3879 1000 3942 lamae
1019 3890 1054 3943 et
1073 3878 1219 3943 honoris.
1264 3879 1381 3943 Affec-

258 3976 373 4039 tiones
395 3973 473 4037 illae
496 3974 674 4037 advirum
698 3981 863 4056 apparent
886 3982 922 4037 et
949 3974 1176 4055 percipiuntur
1197 3974 1381 4037 inmundo

258 4066 435 4154 spirituali,
455 4078 491 4132 at
510 4067 620 4131 solum
638 4069 868 4149 cogitationes
886 4088 931 4130 ex
949 4064 1180 4131 affectionibus
1201 4068 1234 4131 in
1254 4068 1382 4131 mundo

258 4163 416 4229 naturali.
462 4163 546 4228 Inde
568 4174 632 4239 est,
656 4163 746 4246 quod
769 4163 873 4227 homo
896 4182 965 4226 non
987 4164 1073 4227 sciat
1095 4161 1186 4246 quod
1210 4161 1381 4226 infernum

258 4262 341 4325 insit
370 4256 601 4323 affectionibus
633 4258 756 4321 amoris
790 4256 880 4333 mali,
910 4268 947 4321 et
976 4256 1116 4321 Caelum
1149 4256 1382 4322 affettionibus

258 4355 385 4419 amoris
401 4354 490 4417 boni.
535 4351 636 4434 Quod
652 4351 755 4415 homo
772 4371 840 4415 non
856 4352 952 4428 sciat,
966 4361 1020 4415 est
1034 4353 1133 4429 inde3
1154 4362 1190 4415 et
1205 4353 1296 4434 quod
1312 4372 1381 4415 non

259 4450 435 4533 percipiat,
456 4457 509 4512 est
527 4448 604 4531 quia
622 4448 919 4529 concupiscentiae
936 4448 1061 4510 amoris
1079 4446 1160 4510 mali
1178 4447 1317 4511 trahunt
1336 4465 1382 4510 ex

260 4543 475 4608 haereditate
501 4542 591 4624 quod
619 4542 652 4604 in
679 4540 858 4603 voluntate
885 4542 954 4604 sint
977 4540 1155 4621 jucundae,
1179 4550 1215 4605 ct
1243 4540 1321 4605 inde
1348 4542 1381 4606 in

261 4634 438 4702 intellettu
450 4654 633 4716 amoenae;
653 4645 688 4699 et
701 4654 800 4719 super
811 4635 845 4698 id
857 4634 947 4719 quod
955 4634 1141 4717 jucundum
1152 4644 1188 4699 et
1200 4654 1381 4700 amoenum
