3384 5400
352 650 414 732 758
670 663 917 717 nrocnnvrsts
940 666 1149 717 neveram.

352 832 503 897 Bestiam
520 853 629 917 neque
647 834 828 917 imaginem
849 836 929 918 ejus,
947 856 1056 921 neque
1070 848 1275 921 acceperunt
1291 836 1470 905 charaiie·

351 948 422 990 rem
439 949 538 1009 super
552 928 663 992 fronte
681 941 794 994 suaet
814 951 913 1013 super
931 951 1032 995 manu
1051 952 1111 995 sua
1119 932 1133 956 ”
1152 931 1360 1013 significetur
1379 934 1472 1017 quod

351 1022 557 1085 haereticum
576 1023 620 1086 de
638 1023 712 1085 sola
732 1023 814 1088 Fide
832 1024 1019 1105 rejecerint,
1038 1026 1191 1090 videatur
1209 1045 1317 1108 supra,
1336 1048 1369 1089 n.
1387 1030 1472 1107 848;

351 1125 386 1180 et
409 1116 499 1199 quod
522 1136 581 1198 per
601 1118 787 1181 “vixerunt
810 1128 846 1182 et
869 1130 1095 1200 regnaverunt
1119 1140 1195 1183 cum
1214 1118 1350 1185 Christo
1375 1122 1472 1186 mille

351 1207 501 1273 annos1¹¹’'
514 1210 720 1291 significetur
732 1213 820 1294 quod
836 1212 903 1276 illis
915 1214 959 1276 sit
972 1211 1163 1295 conjunttio
1176 1234 1251 1278 cum
1269 1214 1424 1279 Domino
1436 1226 1473 1281 et

351 1304 560 1368 consociatio
572 1325 649 1368 cum
662 1306 793 1387 angelis
806 1305 910 1382 Caeli,
922 1307 1075 1371 videatur
1086 1330 1195 1391 supra,
1210 1329 1241 1372 n.
1252 1311 1322 1389 849.
1370 1310 1472 1375 Haec

248 1452 255 1466 .
351 1400 464 1481 itaque
494 1409 583 1474 sunt,
609 1420 694 1482 quae
719 1401 830 1463 “haec
861 1400 919 1463 illa
948 1410 1001 1464 est
1031 1400 1228 1466 resurrectio
1257 1404 1387 1485 prima''
1421 1406 1472 1468 in·

350 1488 485 1557 volvitffl
529 1494 591 1557 Per
607 1492 913 1559 “resurrectionem
921 1494 936 1519 ”
954 1496 1161 1577 significatur
1179 1496 1323 1562 salvatio
1341 1508 1378 1561 et
1399 1500 1474 1563 vita

350 1598 501 1665 aeterna,
522 1598 557 1652 et
579 1609 639 1671 per
659 1590 828 1671 “primam
837 1590 852 1612 ''
871 1608 938 1652 non
958 1590 1158 1672 intelligitur
1174 1593 1281 1674 prima
1299 1613 1472 1657 resurrec-

350 1685 410 1759 tio,
430 1685 490 1747 sed
513 1685 621 1766 ipsum
644 1692 679 1747 et
702 1685 893 1766 primarium
912 1682 1173 1761 resurrectionis,
1193 1688 1241 1749 ita
1263 1686 1413 1751 salvatio
1437 1700 1473 1752 et

351 1779 423 1841 vita
441 1787 603 1871 aeterna3
636 1778 812 1840 nonenim
835 1789 888 1842 est
912 1780 974 1841 nisi
997 1798 1096 1861 quam
1116 1800 1183 1843 una
1204 1776 1404 1845 resurrectio
1429 1782 1473 1845 ad

350 1874 467 1947 vitam,
488 1872 637 1935 secunda
658 1890 727 1934 non
751 1872 871 1949 datur;
900 1892 1002 1955 quare
1021 1892 1083 1935 nec
1103 1871 1298 1937 resurreetio
1317 1878 1474 1939 secunda

352 1965 445 2030 ullibi
464 1967 676 2043 nominatur,
706 1965 762 2049 qui
784 1967 874 2029 enim
894 1967 999 2030 semel
1018 1964 1186 2048 conjuncti
1205 1975 1283 2030 sunt
1304 1967 1471 2043 Domino,

350 2062 384 2123 in
410 2068 586 2123 aeternum
611 2059 679 2142 Ipsi
701 2057 870 2149 conjunili
893 2071 982 2136 sunt,
1006 2070 1041 2123 et
1067 2061 1102 2124 in
1125 2059 1248 2139 Caelo;
1282 2081 1362 2125 nam
1385 2063 1473 2128 dicit

352 2154 529 2231 Dominus,

413 2287 487 2351 ‘ligo
498 2302 557 2336 sum
571 2283 742 2337 Resurrectio
759 2285 875 2344 civita:
892 2286 937 2349 qul
953 2286 1035 2337 credit
1052 2286 1079 2335 in
1093 2286 1146 2345 Me,
1161 2287 1210 2337 etsi
1228 2288 1364 2347 moriatur,
1379 2290 1473 2350 vivet:

480 2348 682 2481 iitlgniilqui
690 2353 754 2401 vivit
763 2352 879 2401 etcredit
887 2353 914 2401 in
925 2352 978 2412 Me,
989 2367 1043 2401 non
1052 2353 1178 2402 morietur
1188 2354 1213 2403 in
1222 2353 1471 2419 aetemu1n”(Jah.

352 2547 452 2630 Quod
468 2546 527 2610 illa
542 2566 602 2628 per
618 2533 923 2610 “resurrectionem
940 2547 1081 2629 primam
1089 2546 1104 2572 ”
1119 2545 1364 2628 intelligantur,
1383 2567 1472 2613 con·

351 2653 421 2707 stat
441 2642 544 2707 etiam
562 2662 582 2705 a
600 2661 698 2705 versu
717 2660 804 2705 nunc
823 2649 996 2724 sequente.

410 2734 507 2816 852.
533 2745 622 2810 [Vm.
635 2729 677 2810 6.]'
697 2733 839 2796 “Beatus
857 2739 891 2796 at
906 2739 1035 2796 sanatus
1049 2733 1294 2812 talamarum
1307 2733 1338 2796 ia
1352 2735 1474 2800 Raur-

352 2826 489 2888 mationa
506 2822 642 2902 prima,''
663 2821 830 2903 significat
852 2823 943 2904 quod
958 2822 1115 2902 felicitas
1135 2823 1228 2886 vitae
1248 2833 1402 2886 aeternae
1432 2846 1474 2888 ac

351 2915 534 2980 illustratio
551 2925 616 2996 per
636 2915 885 2997 conjicnmonem
910 2935 982 2978 cum
1006 2914 1145 2978 Domino
1167 2915 1237 2977 sint
1261 2915 1414 2996 illisqui
1436 2917 1472 2980 in

355 3009 490 3076 Caelum
510 3009 881 3073 veniunt—“Beatus''
904 3009 1025 3073 dicitur
1047 3011 1100 3072 cui
1130 3007 1271 3072 felicitas
1293 3011 1385 3074 vitae
1410 3031 1471 3074 ae-

352 3117 470 3170 ternae
488 3115 541 3168 est
562 3102 609 3185 (n.
625 3102 723 3187 639);
754 3114 791 3167 et
811 3101 998 3167 “sanctus’'
1017 3103 1138 3167 dicitur
1155 3104 1207 3166 cui
1230 3103 1412 3167 illustratio
1436 3108 1471 3168 in

353 3201 483 3264 Divinis
509 3200 596 3262 veris
625 3219 684 3282 per
706 3195 977 3278 conjunctionem
1001 3219 1077 3261 cum
1102 3199 1249 3261 Domino
1279 3207 1343 3272 est,
1367 3198 1471 3263 Solus

352 3296 441 3358 enirn
455 3295 621 3358 Dominus
637 3304 689 3357 est
702 3290 865 3370 Sanctum
889 3301 924 3356 et
941 3292 1099 3356 Divinum
1112 3293 1299 3375 procedens
1315 3293 1359 3356 ab
1376 3293 1470 3376 Ips0‚

352 3411 372 3452 a
402 3409 469 3471 quo
498 3388 690 3460 illustrati0,
714 3397 767 3450 est
797 3387 886 3469 quod
916 3397 1059 3451 vocatur
1081 3385 1222 3469 Spiritus
1245 3384 1389 3450 Sanctus
1422 3387 1471 3468 (n.

357 3499 425 3564 173,
448 3483 517 3564 586,
536 3481 628 3564 666):
661 3502 721 3564 per
745 3478 1050 3545 “resurrectionem
1073 3483 1214 3564 primam
1223 3480 1237 3505 ”
1261 3480 1472 3562 significatur

353 3577 501 3640 elevatio
531 3578 564 3638 in
591 3575 731 3639 Caelum
761 3597 781 3638 a
811 3576 970 3650 Domino,
995 3584 1030 3638 et
1061 3576 1106 3638 sic
1138 3573 1293 3650 salvati0‚
1318 3584 1355 3638 ut
1385 3595 1470 3640 mox

352 3692 453 3753 supra
477 3669 523 3752 (n.
543 3669 631 3751 851).
677 3669 761 3732 Inde
783 3679 890 3752 patet,
911 3670 1000 3752 quod
1024 3689 1083 3751 per
1104 3669 1251 3732 “beatus
1273 3679 1309 3731 et
1332 3667 1471 3733 santius

352 3766 483 3829 habens
506 3775 638 3847 partem
668 3766 701 3826 in
731 3759 972 3826 resurrectione
995 3763 1123 3844 prima”
1146 3761 1353 3843 significetur
1378 3765 1471 3846 quod

353 3860 497 3923 felicitas
520 3860 610 3922 vitae
632 3869 802 3931 aeternae,
825 3877 865 3920 ac
897 3856 1078 3920 illustratio
1108 3877 1167 3938 per
1196 3854 1470 3936 conjunctionem

353 3974 430 4018 cum
451 3953 609 4028 Domino,
629 3954 697 4015 sint
716 3951 781 4014 illis
799 3951 855 4034 qui
873 3951 906 4013 in
926 3949 1065 4014 Caelum
1085 3951 1233 4014 veniunt.

414 4046 514 4127 853.
542 4043 666 4125 “Sapor
679 4045 734 4107 tar
747 4062 830 4106 mare
845 4043 1018 4104 alteration
1033 4042 1356 4123 habotmtemamm,''
1366 4043 1471 4124 signi·

353 4135 433 4201 ficat
449 4137 538 4218 quod
551 4135 622 4199 illis
641 4157 703 4199 noa
721 4135 1008 4198 damnatio-Per
1026 4141 1198 4198 “mortem
1218 4133 1385 4198 alteram”
1401 4154 1468 4198 non

354 4231 442 4293 aliud
466 4230 674 4312 significatur
696 4249 797 4312 quam
820 4249 911 4292 mors
933 4228 1124 4310 spiritualis,
1144 4248 1229 4309 quae
1251 4237 1306 4291 est
1328 4228 1468 4292 damna-

354 4326 421 4388 tio:
454 4345 544 4389 mors
563 4326 652 4388 enim
676 4325 783 4407 prima
804 4334 858 4387 est
881 4342 971 4386 mors
994 4322 1166 4398 naturalis,
1190 4341 1276 4404 quae
1298 4334 1352 4387 est
1379 4341 1467 4386 mors

354 4421 524 4502 corporis,
547 4439 638 4482 mors
656 4427 771 4482 autem
790 4417 899 4482 altera
917 4427 971 4481 est
993 4437 1084 4480 mors
1103 4416 1293 4499 spiritualis,
1313 4437 1399 4499 quae
1416 4425 1466 4479 est

355 4533 446 4576 mors
476 4513 620 4588 animae,
643 4533 729 4596 quae
758 4512 849 4595 quod
880 4513 923 4575 sit
953 4511 1138 4585 damnatio,
1164 4519 1282 4574 notum
1313 4521 1377 4574 est.
1421 4508 1465 4572 Et

355 4607 432 4691 quia
450 4626 541 4669 mors
563 4605 672 4670 altera
690 4615 743 4670 est
766 4607 951 4682 damnatio,
971 4614 1007 4669 et
1031 4624 1120 4669 mors
1140 4605 1246 4687 prima
1268 4613 1322 4669 est
1345 4605 1464 4678 obitus,
