3384 5400
360 674 429 739 ’704
640 664 644 668 ’
684 669 932 723 APOCALYPSIS
955 670 1165 723 REVELATA.

356 842 421 923 qui
438 862 474 905 se
487 841 603 904 dicunt
615 861 828 905 successores
840 841 1097 924 Apostolorum,
1111 842 1213 905 etiam
1227 842 1287 904 sibi
1305 841 1478 915 vindicare,

366 936 456 1017 quod
479 936 601 998 sessuri
619 937 687 998 sint
710 955 809 1017 super
827 937 972 999 totidem
996 936 1125 999 thronis
1144 945 1226 1017 quot
1245 946 1335 1011 sunt,
1354 958 1374 999 a
1397 937 1479 999 Pon-

364 1028 454 1093 tifice
473 1031 638 1112 usquead
657 1031 871 1105 monachum,
891 1039 926 1094 et
941 1029 1120 1111 judicaturi
1138 1048 1257 1093 omnes
1275 1032 1309 1094 in
1329 1032 1479 1095 universo

363 1134 527 1187 terrarum
545 1126 636 1187 orbe.

422 1238 525 1308 799.
552 1226 657 1295 'duic
683 1226 902 1289 mororromffl
930 1226 977 1289 tui
1002 1232 1095 1289 orant
1122 1226 1311 1309 moyrame]
1340 1228 1479 1301 φησί’

363 1318 530 1399 significat
541 1320 632 1399 quod
638 1320 826 1400 superiores
841 1321 877 1382 in
887 1320 1090 1382 Hierarcltia
1104 1319 1335 1384 Ecclesiastico
1350 1320 1478 1384 illorum

362 1413 446 1475 tales
458 1414 535 1487 sint,
549 1414 627 1495 quia
634 1425 699 1494 per
708 1415 808 1477 varia
807 1415 893 1497 jura
904 1414 1005 1477 ettam
1016 1414 1204 1477 arbitraria
1216 1414 1285 1477 iilis
1297 1415 1332 1477 in
1344 1416 1478 1479 statutis

360 1507 489 1570 ordinis
512 1508 636 1580 reliiia,
657 1519 844 1572 mercmrtur
863 1518 895 1571 et
915 1518 1071 1589 quaestus
1085 1508 1337 1588 factitat-Per
1357 1515 1477 1590 “mag-

361 1611 459 1664 nates
467 1602 482 1627 '¹
500 1601 735 1683 intelliguntur
753 1604 940 1685 superiores
963 1603 994 1665 in
1020 1601 1218 1666 Hierarchia
1238 1602 1478 1667 Ecclesiastica

360 1694 504 1768 illorum,
527 1695 582 1777 qui
608 1706 773 1759 vocantur
799 1695 1006 1771 Cardinales,
1035 1695 1205 1778 Episcopi,
1233 1706 1268 1759 et
1296 1696 1475 1775 Primates;

360 1790 417 1871 qui
440 1789 698 1853 “mercatores”
719 1801 885 1854 vocantur
906 1792 985 1873 quia
1010 1808 1069 1872 per
1091 1788 1209 1853 sancia
1232 1790 1418 1864 Ecclesiae,
1442 1801 1476 1855 ut

359 1904 419 1965 per
438 1904 576 1959 merces,
596 1885 767 1948 lucrantur
786 1883 833 1966 (n.
854 1900 926 1965 771,
943 1886 1043 1966 783);
1066 1885 1132 1957 hic,
1151 1885 1205 1965 qui
1224 1904 1285 1965 per
1301 1886 1393 1948 varia
1407 1884 1478 1967 jura

359 1980 463 2042 etiam
481 1980 654 2042 arbitraria
672 1978 738 2041 illis
756 1980 789 2041 in
804 1980 943 2042 statutis
959 1979 1084 2042 ordinis
1099 1976 1216 2041 relifia
1232 1990 1424 2043 mercantur
1442 1990 1475 2044 et

359 2082 518 2154 quaestus
533 2072 666 2135 faciunt.
711 2072 778 2136 Cur
793 2074 857 2136 hoc
870 2074 1000 2148 dicitur,
1015 2082 1110 2155 patet
1126 2074 1170 2135 ab
1184 2074 1473 2150 antecedentibus,

358 2177 411 2231 est
424 2170 512 2231 enim
525 2168 589 2231 hoc
602 2166 734 2231 illorum
745 2187 965 2250 consequens.
1003 2168 1042 2230 In
1055 2168 1335 2231 antecedentibus
1345 2169 1473 2245 dicitur,

357 2262 448 2345 quod
460 2267 479 2294 ‘¹
489 2281 556 2324 non
567 2263 720 2325 audietur
729 2261 872 2344 amplius
885 2264 916 2324 in
931 2262 1106 2343 Babylone
1117 2282 1186 2325 vox
1196 2262 1473 2337 citharaedorum,

358 2358 568 2430 musicorum,
583 2358 756 2420 tibicinum
769 2366 804 2419 et
818 2355 1099 2431 buccinatorum,'’
1113 2362 1209 2419 “non
1222 2359 1285 2419 erit
1297 2358 1341 2420 ibi
1354 2359 1473 2421 artifex

357 2450 493 2531 alicujus
505 2452 616 2525 artis,”
628 2457 646 2483 “
656 2471 723 2514 non
734 2452 888 2514 audietur
897 2451 941 2513 ibi
953 2471 1023 2514 vox
1036 2450 1175 2526 molae,”
1187 2456 1277 2514 “non
1288 2454 1350 2515 erit
1361 2453 1405 2516 ibi
1416 2454 1473 2516 lux

357 2544 543 2619 lucernae,”
550 2556 584 2608 et
594 2552 613 2577 “
624 2565 691 2608 non
701 2566 770 2607 vox
781 2548 894 2627 sponsi
907 2557 941 2608 et
953 2566 1097 2628 sponsae
1102 2545 1128 2624 ;’'
1143 2565 1202 2628 per
1211 2566 1297 2629 quae
1307 2546 1473 2627 significa·

358 2650 422 2713 tur,
435 2639 525 2721 quod
538 2640 570 2702 in
588 2638 763 2720 Babylone
776 2659 843 2703 non
857 2640 968 2722 aliqua
980 2639 1239 2721 verispiritualis
1252 2637 1394 2716 affectio,
1407 2662 1472 2705 non

357 2733 427 2814 ejus
442 2730 634 2796 intelledtus
650 2743 685 2797 et
701 2733 779 2796 inde
794 2735 971 2815 cogitatio,
985 2754 1046 2797 nec
1063 2733 1132 2814 ejus
1147 2735 1315 2817 inquisitio
1331 2745 1366 2799 et
1382 2757 1471 2800 scru-

350 2827 454 2902 tatio,
471 2847 579 2909 neque
594 2827 775 2891 illustratio
792 2838 827 2891 et
846 2829 916 2908 ejus
931 2830 1113 2910 perceptio,
1131 2839 1166 2891 et
1185 2829 1262 2892 inde
1282 2829 1373 2892 nulla
1392 2850 1471 2894 con·

352 2919 482 3003 junctio
503 2923 582 2984 boni
605 2932 640 2984 et
663 2923 730 2984 veri
750 2942 835 3003 quae
858 2922 937 2985 facit
961 2921 1148 2985 Ecclesiam
1174 2921 1342 3002 (videatur
1364 2945 1470 3008 supra,

356 3037 388 3079 n.
411 3031 567 3097 792—794,
591 3015 662 3097 796,
686 3016 785 3097 797);
818 3017 909 3098 quod
936 3016 1019 3080 haec
1043 3015 1107 3079 illis
1130 3034 1197 3079 non
1221 3018 1299 3091 sint,
1323 3028 1375 3082 est
1398 3021 1472 3101 quia

355 3111 541 3191 superiores
567 3111 600 3172 in
627 3111 744 3173 ordine
765 3111 868 3173 etiarn
893 3121 1084 3174 mercantur
1105 3121 1140 3173 et
1164 3109 1344 3186 lucrantur,
1368 3114 1469 3176 etsie

354 3205 439 3267 dant
455 3205 661 3268 inferioribus
673 3204 853 3286 exempla3
873 3205 937 3268 hoc
949 3207 1064 3287 itaque
1074 3215 1127 3267 est
1140 3223 1198 3267 cur
1209 3205 1340 3282 dicitur,
1356 3207 1470 3290 “Quia

355 3297 589 3362 mercatoresl]
611 3299 660 3362 tui
682 3309 778 3362 erant
803 3296 1009 3382 magnatesl‘l
1028 3298 1164 3363 terrae.”
1208 3297 1276 3362 Sed
1296 3301 1383 3364 forte
1400 3303 1469 3384 quis

355 3394 457 3467 dicat,
469 3390 666 3473 “Quaenam
681 3393 738 3456 illa
747 3393 820 3475 jura
832 3395 934 3456 etiam
947 3393 1121 3456 arbitraria
1133 3405 1221 3468 sunt,
1233 3414 1318 3476 quae
1332 3405 1469 3476 possunt

356 3497 564 3551 mercaturae
579 3488 719 3550 vocari.”
763 3487 840 3550 Non
858 3499 936 3550 sunt
952 3489 1052 3550 annui
1067 3488 1199 3551 illorum
1216 3489 1342 3552 reditus
1358 3501 1393 3553 et
1410 3493 1468 3552 sti·

355 3583 487 3662 pendia,
503 3582 563 3643 sed
582 3592 661 3645 sunt
680 3582 950 3664 dispensationes
965 3603 1010 3645 ex
1026 3591 1199 3664 potestate
1216 3581 1370 3657 clavium,
1387 3605 1468 3668 quae

354 3685 443 3749 sunt,
467 3675 557 3758 quod
580 3677 756 3739 remittant
783 3687 926 3758 peccata
947 3677 1049 3740 etiam
1077 3678 1236 3750 enormia,
1260 3687 1295 3740 et
1319 3680 1467 3742 eximant

354 3788 414 3851 per
428 3769 461 3831 id
477 3790 497 3833 a
513 3771 630 3851 poenis
646 3771 907 3852 temporalibus;
930 3771 1020 3852 quod
1037 3791 1095 3851 per
1110 3771 1368 3834 intercessiones
1384 3773 1468 3854 apud

355 3863 480 3946 Papam
499 3863 635 3927 valeant
658 3884 719 3945 pro
737 3864 977 3928 contrahendis
1000 3865 1221 3927 matrimoniis
1241 3865 1330 3927 intra
1348 3869 1469 3946 gradus

353 3958 550 4040 prohibitos
562 3969 596 4021 et
610 3979 670 4041 pro
680 3958 744 4021 illis
755 3959 948 4022 dirimendis
960 3960 1047 4022 intra
1057 3958 1180 4040 gradus
1191 3978 1258 4021 non
1272 3960 1469 4040 prohibitos,

353 4072 393 4116 ac
408 4054 471 4134 ipsi
486 4053 611 4135 absque
626 4053 868 4117 intercessione
884 4073 942 4134 per
957 4053 1155 4117 tolerantias
1168 4073 1175 4129 ;
1195 4072 1253 4134 per
1269 4053 1471 4118 donationes

353 4147 602 4229 privilegiorum
634 4167 720 4229 quae
748 4148 828 4228 juris
860 4146 993 4210 illorum
1026 4148 1113 4224 sint3
1151 4165 1209 4228 per
1242 4147 1473 4212 ordinationes

353 4243 589 4314 ministrorum,
603 4251 638 4305 et
654 4239 926 4304 confirmationes
938 4261 946 4318 ;
970 4261 1029 4322 per
1041 4242 1188 4321 gratuita
1200 4261 1244 4302 ex
1258 4241 1473 4306 monasteriis

351 4336 542 4397 communia
557 4345 592 4398 et
609 4334 841 4416 particularia;
865 4353 924 4416 per
935 4332 1144 4398 addictiones
1156 4335 1323 4398 redituum
1337 4336 1473 4400 aliunde

351 4427 406 4511 qui
430 4437 508 4490 sunt
527 4427 607 4508 juris
629 4429 748 4504 alieni;
774 4438 809 4491 et
832 4449 892 4510 per
914 4429 1009 4510 plura
1031 4427 1105 4491 alia.
1152 4427 1246 4490 Haec
1274 4428 1411 4504 faciunt,
1435 4437 1472 4493 et

351 4541 419 4584 non
438 4524 539 4586 annui
559 4523 696 4597 reditus,
716 4523 744 4585 si
765 4522 830 4586 illis
849 4523 1003 4586 conteuti
1025 4532 1114 4598 sunt,
1134 4523 1223 4604 quod
1247 4542 1315 4585 non
1339 4523 1404 4585 illis
1426 4525 1468 4584 sit

351 4614 462 4699 aliqua
474 4618 542 4680 veri
558 4615 736 4699 spiritualis
751 4614 895 4692 affectio,
909 4617 1083 4698 cogitatio,
1097 4616 1270 4692 scrutatio,
1285 4617 1463 4699 perceptio,
