3384 5400
369 675 434 758 674
694 688 941 742 srocaavesrs
963 689 1173 741 neveram.

368 861 580 925 eversionem
608 871 643 926 et
670 861 804 926 illorum
831 857 1055 942 dejectionem
1084 861 1118 924 in
1149 859 1330 934 Iniemum,
1357 859 1391 924 in
1417 870 1492 925 tam

369 957 548 1020 miserabili
568 967 661 1020 statu
678 966 767 1033 sunt,
785 967 908 1019 utnon
928 957 1038 1018 sciant
1055 953 1134 1037 quid
1153 975 1280 1028 aurum,
1297 965 1490 1036 argentum,

368 1049 453 1133 lapis
466 1051 633 1133 pretiosus
645 1061 681 1114 et
693 1051 879 1132 margarita
891 1059 979 1112 sunt.
1025 1047 1136 1112 Causa
1148 1058 1211 1122 est,
1225 1049 1302 1131 quia
1317 1054 1336 1082 ‘⁴
1345 1049 1492 1124 aurum,”

369 1145 609 1226 “argentum’'
631 1155 667 1208 et
692 1145 805 1228 “lapis
829 1143 1020 1226 pretiosus”
1042 1143 1311 1224 correspondent
1335 1144 1433 1208 bonis
1454 1153 1492 1208 et

367 1239 454 1302 veris
473 1238 711 1321 spiritualibus,
730 1259 769 1302 ac
792 1238 1024 1320 “margaritae
1032 1236 1048 1261 ''
1065 1237 1318 1319 cognitionibus
1336 1236 1490 1317 illorum,

368 1342 404 1396 et
423 1333 499 1415 quia
518 1331 583 1396 illis
602 1353 670 1396 non
689 1332 801 1416 aliqua
820 1353 900 1395 vera
918 1343 953 1396 et
974 1332 1064 1395 bona
1082 1341 1173 1406 sunt,
1193 1340 1255 1394 nec
1275 1332 1490 1413 cognitiones

366 1425 511 1500 illorum,
532 1427 591 1490 sed
615 1447 676 1510 pro
696 1426 761 1490 illis
785 1426 875 1490 mala
898 1435 933 1489 et
956 1425 1041 1489 salsa
1060 1435 1095 1489 et
1118 1426 1238 1488 horum
1261 1426 1487 1507 cognitiones,

366 1541 435 1584 non
452 1531 594 1604 possunt
611 1521 735 1586 habere
753 1521 821 1597 illa,
836 1521 897 1584 sed
911 1519 997 1584 talia
1009 1539 1095 1602 quae
1111 1520 1391 1601 correspondent,
1404 1541 1489 1602 quae

366 1625 445 1678 sunt
462 1617 626 1679 materiae
639 1615 723 1679 viles
739 1627 774 1680 et
790 1617 871 1680 tetri
887 1613 1021 1689 coloris,
1036 1623 1172 1696 praeter
1186 1614 1297 1696 aliqua
1310 1614 1486 1690 conchilia,

365 1711 399 1772 in
419 1710 537 1792 quibus
560 1731 618 1774 cor
641 1731 736 1774 suum
759 1721 902 1794 ponunt,
923 1711 1009 1773 sicut
1033 1718 1137 1772 autea
1158 1709 1192 1771 in
1215 1709 1372 1791 pretiosis
1389 1729 1489 1791 supra

366 1804 559 1867 nominatis.
615 1803 797 1869 Sciendum
821 1802 885 1879 est,
910 1803 1001 1886 quod
1024 1804 1058 1866 in
1086 1803 1213 1866 mundo
1235 1803 1399 1885 spirituali
1420 1804 1488 1868 sint

304 1935 308 1942 ·
366 1899 480 1961 omnia
499 1919 585 1981 quae
607 1899 640 1962 in
664 1901 791 1962 mundo
814 1898 971 1974 naturali,
991 1916 1068 1960 cum
1090 1897 1163 1961 sola
1180 1896 1379 1972 differentia,
1398 1897 1487 1981 quod

366 1993 480 2055 omnia
509 1993 542 2056 in
574 1994 701 2057 mundo
731 1992 894 2076 spirituali
924 1993 993 2056 sint
1020 1992 1353 2073 correspondentiae,
1376 2013 1487 2056 corre·

366 2087 536 2168 spondent
556 2090 646 2151 enim
665 2088 880 2151 interioribus
899 2085 1043 2161 illorum,
1061 2085 1240 2168 splendida
1254 2098 1289 2151 et
1308 2085 1488 2168 magnifica

365 2180 509 2264 illisqui
535 2183 568 2246 in
592 2183 759 2265 sapientia
781 2202 826 2245 ex
852 2181 982 2244 Divinis
1002 2181 1091 2243 veris
1113 2190 1149 2243 et
1172 2181 1270 2244 bonis
1292 2201 1313 2244 a
1340 2181 1487 2245 Domino

365 2296 425 2358 per
443 2276 594 2341 Verbum
614 2288 704 2351 sunt,
722 2297 760 2340 ac
782 2277 952 2340 contraria
970 2275 1036 2338 illis
1054 2275 1110 2358 qui
1129 2276 1161 2338 in
1178 2278 1315 2340 vesania
1333 2298 1379 2340 ex
1396 2277 1486 2340 salsis

365 2381 400 2435 et
417 2371 514 2435 malis
530 2382 618 2436 sunt.
664 2370 758 2435 Talis
772 2370 1073 2453 correspondentia
1090 2391 1134 2434 ex
1147 2372 1319 2435 creatione
1332 2381 1396 2446 est,
1410 2390 1484 2435 cum

365 2466 537 2548 spirituale
554 2467 678 2530 mentis
697 2467 730 2529 in
750 2464 907 2530 sensuale
922 2465 1073 2546 corporis
1088 2465 1298 2544 demittitur;
1321 2487 1424 2548 quare
1441 2467 1485 2530 ibi

365 2561 503 2642 quisque
527 2561 590 2624 scit
610 2559 717 2644 qualis
738 2560 826 2625 alter
844 2570 908 2636 est,
929 2560 1010 2622 dum
1033 2559 1066 2622 i'n
1090 2561 1259 2641 propriam
1281 2559 1351 2642 ejus
1373 2581 1485 2626 came·

364 2673 436 2719 ram
456 2655 558 2718 venit.
604 2653 659 2719 Ex
680 2655 731 2718 his
747 2665 905 2720 constare
923 2663 1038 2737 potest
1059 2653 1148 2737 quod
1169 2673 1228 2735 per
1245 2660 1402 2719 “merces
1418 2656 1484 2719 auri

365 2759 400 2813 et
427 2750 560 2830 argenti
587 2760 622 2813 et
653 2749 772 2832 lapidis
800 2750 937 2832 pretiosi
965 2758 1000 2812 et
1028 2748 1254 2830 margaritae”
1280 2748 1485 2832 significetur

365 2844 455 2926 quod
479 2844 562 2907 haec
584 2844 648 2909 illis
668 2864 735 2907 non
755 2844 896 2927 amplius
916 2846 1004 2921 sint;
1027 2844 1105 2927 quia
1123 2842 1188 2906 illis
1207 2864 1275 2907 non
1294 2855 1373 2910 sunt
1392 2846 1483 2928 spiri·

364 2936 469 3003 tualia
492 2938 581 3001 bona
604 2948 638 3001 et
662 2960 751 3013 vera,
777 2959 837 3002 nec
863 2940 1076 3021 cognitiones
1103 2938 1241 3002 boniet
1264 2940 1344 3013 veri,
1368 2940 1483 3021 quibus

365 3032 447 3096 talia
469 3033 745 3114 correspondent.
805 3032 906 3114 Quod
931 3039 1074 3096 “aurum
1083 3032 1098 3057 ”
1120 3052 1166 3095 ex
1189 3034 1484 3116 correspondentia

364 3124 530 3207 significet
550 3126 686 3201 bonum,
704 3136 738 3190 et
759 3134 967 3210 “argentum
975 3126 990 3152 ”
1008 3146 1135 3201 verum,
1155 3126 1309 3190 videatur
1324 3147 1433 3211 supra,
1452 3146 1482 3191 n.

365 3236 435 3293 211,
459 3220 530 3301 726.
589 3220 689 3302 Quod
715 3221 828 3304 “lapis
852 3222 1042 3305 pretiosus”
1063 3219 1230 3302 significet
1252 3240 1369 3284 verum
1391 3222 1483 3304 spiri·

364 3314 466 3388 tuale,
495 3334 527 3377 n.
555 3331 626 3395 231,
657 3328 726 3395 540,
755 3316 826 3396 726.
881 3314 984 3396 Quod
1014 3314 1269 3397 “margaritae''
1295 3315 1483 3397 significent

364 3410 578 3490 cognitiones
597 3412 665 3473 veri
685 3420 719 3473 et
738 3411 828 3484 boni,
850 3429 881 3473 n.
900 3425 973 3491 727.

423 3518 516 3588 773·
545 3505 610 3566 “fr
628 3505 716 3588 byssi
725 3512 759 3568 ot
774 3525 931 3587 purpuras
945 3506 1091 3570 otterici
1103 3511 1137 3569 sl
1149 3504 1305 3578 ooooinr’,”
1315 3505 1484 3587 significat

363 3596 454 3678 quod
466 3596 546 3659 lraec
562 3595 631 3659 illis
647 3616 709 3658 non
725 3597 870 3679 amplius
886 3598 964 3673 sint,
982 3598 1062 3680 quia
1076 3597 1146 3661 illis
1162 3618 1224 3659 non
1241 3606 1321 3660 sunt
1333 3596 1484 3661 caelesttia

364 3691 448 3754 bona
469 3701 502 3754 et
522 3710 603 3753 vera
625 3690 743 3773 quibus
767 3692 852 3755 talia
873 3692 1241 3773 correspondent.—Per
1258 3711 1358 3773 supra
1376 3692 1482 3755 nomi-

364 3794 454 3859 nata,
485 3804 571 3867 quae
600 3794 697 3847 erant
727 3792 882 3860 “aurum,
912 3796 1102 3868 argentum,
1132 3783 1217 3867 lapis
1250 3786 1416 3868 pretiosus
1447 3795 1482 3851 et

364 3878 575 3961 margarita‚”
591 3880 623 3942 in
643 3900 768 3960 genere
784 3880 1015 3962 significantur
1030 3879 1215 3962 spiritualia
1233 3881 1322 3944 bona
1339 3888 1375 3942 et
1393 3900 1481 3954 vera,

363 3983 401 4036 ut
424 3993 523 4055 supra
547 3970 593 4054 (n.
613 3972 689 4057 772)
714 3972 840 4037 ditium
864 3984 938 4053 est;
965 3994 1025 4057 per
1046 3974 1129 4037 haec
1152 3984 1277 4047 autem,
1296 3992 1383 4055 quae
1405 3982 1482 4038 sunt

365 4068 525 4149 “byssus
545 4088 698 4150 purpura,
718 4070 860 4131 sericum
880 4079 914 4132 et
933 4068 1137 4143 coccinum,’'
1154 4070 1187 4131 in
1212 4087 1336 4150 genere
1357 4067 1483 4149 signifi·

363 4171 482 4225 cantur
501 4160 660 4225 caelestia
678 4161 768 4225 bona
787 4173 822 4226 et
838 4184 939 4241 vera;
963 4173 1042 4226 sunt
1058 4163 1147 4225 enim
1166 4162 1254 4244 apud
1273 4160 1360 4236 illos,
1377 4164 1432 4245 qui
1450 4164 1481 4225 in

364 4254 469 4320 Caelo
487 4264 522 4319 et
541 4257 573 4318 in
594 4255 748 4319 Ecclesia
767 4267 856 4330 sunt,
876 4258 965 4321 bona
983 4267 1019 4321 et
1037 4277 1117 4320 vera
1135 4256 1329 4339 spiritualia,
1348 4265 1385 4320 et
1403 4266 1481 4320 sunt

363 4351 454 4412 bona
476 4359 510 4413 et
529 4370 608 4413 vera
624 4350 804 4429 caelestia;
828 4352 918 4415 bona
936 4361 970 4414 et
989 4369 1069 4414 vera
1086 4351 1271 4433 spiritualia
1293 4361 1372 4415 sunt
1395 4352 1480 4433 sapi·

363 4445 486 4517 entiae,
503 4464 542 4507 ac
562 4445 651 4507 bona
669 4454 703 4508 et
720 4466 799 4508 vera
815 4446 976 4509 caelestia
990 4456 1068 4509 sunt
1084 4446 1226 4523 amoris;
1250 4454 1285 4510 et
1303 4447 1381 4528 quia
1398 4446 1480 4509 haec

362 4539 452 4600 bona
471 4548 505 4601 et
521 4559 600 4602 vera
620 4559 682 4603 nec
700 4539 766 4603 illis
785 4550 873 4615 sunt,
891 4541 950 4604 sed
970 4539 1060 4603 mala
1077 4549 1112 4604 et
1131 4539 1216 4603 falsa
1233 4540 1298 4603 illis
1313 4540 1478 4622 opposita,

363 4631 439 4696 ideo
458 4633 541 4697 haec
560 4634 735 4713 dicuntur;
760 4644 944 4717 sequuntur
960 4636 1049 4699 enim
1068 4636 1100 4698 in
1120 4635 1246 4698 ordine.
1290 4633 1389 4699 Nunc
1405 4634 1479 4721 quia
