3384 5400
537 684 616 735 car.
633 684 707 748 xx,
723 685 826 737 vans.
847 689 973 738 10.-·n.
991 677 1061 755 864.
1305 681 1369 763 767

298 852 439 919 “Quando
446 852 567 903 videritis
575 854 765 904 circumdatam
774 856 808 905 ab
817 855 983 907 Exercitibus
993 857 1219 923 Hierosolymam,
1229 870 1292 912 tunc
1302 864 1369 913 scite

379 920 451 983 quod
468 933 551 983 prope
563 919 597 968 sit
608 920 773 971 devastatio:
799 922 907 971 tandem
920 923 970 972 erit
984 923 1175 988 Hierosolyma
1186 928 1341 979 conculcata
1352 944 1370 978 a

377 984 510 1047 gentibus,
524 998 609 1048 usque
624 984 687 1034 dum
702 986 883 1049 implebuntur
896 996 1017 1051 tempora
1027 990 1148 1053 gentium
1156 989 1170 1010 ’'
1182 990 1245 1055 (xxi.
1259 1004 1299 1051 ao,
1311 995 1368 1056 24);

246 1126 331 1191 haec
361 1128 404 1191 de
430 1130 722 1192 consummatione
749 1130 884 1205 saeculi,
908 1153 994 1213 quae
1021 1142 1074 1195 est
1100 1132 1255 1197 ultimum
1279 1145 1367 1200 tem-

246 1242 307 1305 pus
327 1221 521 1301 Ecclesiae;
544 1244 603 1305 per
624 1229 643 1255 “
654 1223 926 1305 Hierosolymam
936 1226 950 1250 '¹
966 1228 1069 1289 etiarn
1088 1227 1141 1289 hic
1160 1227 1368 1309 significatur

246 1316 410 1381 Ecclesia.
455 1316 556 1398 Quod
574 1324 593 1349 “
604 1317 682 1399 Gog
698 1329 733 1382 et
750 1318 908 1401 Magog,”
924 1320 988 1384 hoc
1005 1330 1069 1396 est,
1082 1320 1129 1383 illi
1145 1324 1200 1403 qui
1217 1324 1249 1385 in
1266 1322 1367 1387 Cultu

245 1422 392 1475 externo
413 1422 572 1494 separato
593 1434 614 1477 a
636 1414 728 1477 cultu
751 1414 886 1477 interno
909 1424 998 1490 sunt,
1022 1425 1103 1479 tunc
1128 1418 1273 1480 invasuri
1299 1420 1366 1481 sint

246 1504 446 1581 Ecclesiam,
466 1516 502 1572 et
525 1509 678 1572 conaturi
697 1509 870 1573 destruere
892 1508 996 1584 illam,
1016 1509 1137 1573 dicitur
1155 1512 1259 1575 etiam
1277 1513 1366 1595 apud

244 1600 447 1665 Ezechielem

452 1724 520 1789 (cap.
532 1726 641 1777 xxxviii.
653 1726 676 1780 8,
687 1740 712 1789 9,
726 1738 814 1785 11,12,
827 1738 865 1787 15,
878 1728 925 1785 16:
943 1742 1001 1791 cap.
1013 1728 1102 1778 xxxix.
1115 1726 1159 1792 a);

245 1878 280 1934 et
295 1869 386 1953 quod
402 1879 483 1933 tunc
499 1868 599 1933 Nova
614 1869 769 1933 Ecclesia
784 1890 804 1933 a
820 1870 968 1934 Domino

622 2010 691 2076 (cap.
703 2013 792 2063 xxxix.
807 2010 862 2073 171¹]
872 2014 906 2063 ad
918 2014 984 2075 lim).

304 2146 407 2229 863.
435 2146 501 2209 ‘tr
512 2144 863 2228 descenditipnisalleo
873 2146 911 2209 de
922 2146 1024 2219 coeto,
1036 2154 1070 2211 et
1078 2147 1266 2230 consumpsit
1274 2150 1366 2221 eor,''

245 2239 412 2323 significat
435 2239 525 2321 quod
545 2238 709 2320 perierint
733 2260 756 2302 a
780 2239 1044 2320 concupiscentiis
1067 2240 1191 2304 amoris
1213 2240 1363 2321 inferna·

244 2334 406 2398 lis-Per
427 2335 570 2415 “ignem
593 2334 859 2398 descendentem
883 2355 902 2397 e
926 2332 1053 2399 Caelo”
1075 2335 1130 2417 qui
1154 2337 1363 2417 consumpsit

244 2450 314 2503 eos,
325 2428 555 2511 significantur
567 2429 861 2510 concupiscentiae
873 2429 1047 2501 malorum,
1059 2450 1117 2491 seu
1129 2430 1252 2492 amoris
1264 2426 1363 2492 insei-

244 2523 330 2587 nalis
342 2523 393 2604 (ut
406 2544 515 2607 supra,
527 2543 559 2585 n.
569 2541 643 2605 494,
654 2522 731 2607 748)
745 2545 753 2601 ;
772 2525 930 2605 quoniam
943 2523 990 2586 illi
1000 2524 1054 2607 qui
1067 2525 1100 2586 in
1113 2522 1206 2587 cultu
1217 2534 1364 2587 externo

244 2628 400 2703 separato
419 2639 440 2681 a
458 2618 551 2681 cultu
569 2619 702 2681 interno
720 2627 810 2690 sunt,
826 2619 859 2681 in
879 2620 988 2681 omnis
1007 2620 1140 2700 generis
1159 2617 1256 2681 malis
1275 2628 1310 2683 et
1329 2618 1363 2681 in

243 2713 524 2795 concupiscentiis
539 2722 629 2788 sunt,
646 2714 723 2796 quia
739 2713 829 2776 mala
847 2714 936 2795 apud
955 2713 1031 2776 illos
1050 2733 1118 2776 non
1137 2733 1196 2795 per
1215 2713 1360 2795 aliquam

243 2808 488 2892 paenitentiam
503 2805 670 2871 actualem
687 2818 818 2870 remota
833 2817 911 2870 sunt
930 2805 976 2889 (n.
991 2806 1079 2888 859).
1124 2807 1256 2870 Dicitur
1272 2809 1362 2890 quod

244 2903 360 2984 “ignis
378 2923 398 2965 a
417 2901 492 2964 Deo
510 2922 529 2965 e
545 2901 650 2965 Caelo
666 2901 878 2965 descenderit
891 2901 917 2963 :”
935 2903 983 2964 ita
1001 2899 1126 2964 sadtum
1144 2911 1197 2965 est
1216 2903 1362 2983 antiquis

241 2996 461 3078 temporibus,
481 2997 616 3078 quando
639 2997 751 3058 omnia
774 2995 948 3059 Ecclesiae
967 3015 1082 3060 coram
1105 2996 1210 3059 oculis
1229 2995 1361 3060 illorum

242 3090 594 3174 repraesentabantur,
611 3091 750 3172 proinde
765 3091 901 3172 quando
920 3089 1094 3154 Ecclesiae
1113 3099 1209 3154 erant
1227 3110 1361 3173 reprae-

241 3186 451 3262 sentativae;
480 3194 517 3248 at
540 3184 621 3248 vero
641 3185 753 3259 hodie,
772 3204 849 3246 cum
868 3186 1157 3267 repraesentativa
1175 3195 1360 3258 cessarunt,
1419 3249 1421 3254 ,

241 3279 395 3342 similiter
413 3279 544 3353 dicitur,
561 3288 596 3342 et
615 3298 675 3361 per
693 3279 726 3341 id
744 3277 952 3360 significatur
970 3279 1060 3342 idem
1076 3279 1166 3360 quod
1184 3278 1265 3342 olim
1284 3298 1360 3341 cum

240 3374 576 3456 repraesentabatur:
596 3373 687 3454 quod
700 3373 787 3454 ignis
799 3392 818 3435 e
831 3371 936 3436 Caelo
948 3372 1161 3436 descenderit
1174 3393 1272 3454 super
1284 3372 1361 3436 illos

241 3469 296 3550 qui
309 3467 604 3550 prophanaverunt
617 3463 746 3540 sancia,
758 3468 912 3530 videatur
924 3487 1022 3550 supra
1037 3465 1084 3548 (n.
1095 3484 1168 3548 494,
1182 3468 1270 3548 748).
1308 3465 1360 3530 Si-

241 3561 319 3626 mile
335 3562 456 3625 dicitur
471 3562 515 3624 de
531 3566 551 3594 ‘⁸
561 3561 661 3643 Gogo
676 3573 712 3624 et
729 3561 903 3644 Magogo”
919 3562 1008 3643 apud
1023 3559 1224 3624 Eeecheehm
1234 3583 1248 3624 .·

290 3707 412 3773 “Ignem
430 3716 457 3757 et
473 3709 584 3771 sulphur
601 3709 692 3770 pluere
703 3707 799 3757 inciam
811 3723 892 3770 super
907 3707 1023 3770 Gogum,
1038 3715 1065 3758 et
1082 3721 1163 3770 super
1177 3708 1234 3758 alas
1251 3705 1319 3771 eiua,
1333 3715 1361 3759 et

370 3789 450 3837 super
461 3775 576 3837 populos
587 3775 686 3824 mtxltos
698 3773 815 3838 quicum
828 3773 873 3822 illo
881 3771 895 3794 ''
906 3773 1027 3836 (xxxviii.
1039 3769 1124 3836 aal¹l);

290 3839 424 3890 “Mittam
437 3841 528 3903 ignem
540 3840 567 3889 in
581 3839 727 3902 Magogum
735 3838 749 3858 ”
760 3836 861 3901 (xxxix.
872 3838 907 3900 ⁶).

298 3980 402 4064 864.
428 3993 513 4061 [Vm.
528 3991 581 4059 m]
606 3981 672 4044 ‘tr
688 3979 830 4044 diabotus
843 3980 997 4045 seducens
1010 3999 1066 4044 eos
1080 3975 1250 4064 conjectus
1259 3986 1311 4044 ort
1328 3979 1360 4042 ir

240 4075 382 4152 stupeum
395 4069 474 4153 ipsis
488 4074 523 4133 ei
534 4070 697 4150 sulphuris,
712 4070 765 4134 ubi
775 4071 881 4134 Bestia
900 4077 935 4134 et
948 4070 1220 4152 Pseudopmpieta,
1235 4075 1269 4132 et
1286 4089 1359 4133 seu·

241 4159 402 4223 eiciuntur
414 4159 479 4222 tier
493 4164 527 4221 st
538 4166 647 4223 noem
659 4158 690 4222 in
703 4161 833 4223 saeculo
846 4161 1078 4232 soeculorum,''
1089 4159 1257 4241 significat
1266 4159 1355 4236 illos,

240 4252 300 4333 qui
324 4253 360 4315 in
388 4251 489 4316 malis
512 4253 623 4333 quoad
647 4251 753 4316 vitam
781 4262 815 4315 et
841 4252 877 4315 in
898 4251 1008 4334 salsis
1034 4252 1146 4334 quoad
1171 4251 1357 4316 taurinam

240 4357 345 4420 erant,
366 4347 521 4430 corty'et‘ios
542 4345 578 4408 in
599 4346 782 4425 Infernum,
805 4346 865 4409 ubi
890 4347 932 4410 ab
960 4366 1073 4409 amore
1085 4344 1179 4424 salsi
1198 4345 1255 4409 sui
1275 4356 1308 4409 et
1334 4369 1357 4412 a

240 4441 475 4522 cupiditatibus
497 4438 582 4503 mali
600 4440 657 4502 sui
675 4439 815 4503 interius
833 4440 1081 4519 infestabuntur
1090 4439 1224 4523 jugiter
1245 4440 1279 4502 in
1301 4461 1354 4503 ae-

240 4535 483 4598 ternum-Per
519 4533 731 4598 “Diabolum
766 4535 985 4598 seducentem
1022 4532 1121 4597 illos”
1156 4533 1356 4615 intelligitur

241 4627 363 4705 Draco,
387 4638 424 4692 ut
453 4637 551 4712 patet
578 4649 600 4691 a
628 4627 927 4712 praecedentibus;
960 4637 995 4693 et
1025 4647 1085 4711 per
1109 4627 1330 4692 “Draconem
1340 4629 1355 4652 ”
