3384 5400
648 683 896 738 APOCALYPSIS
918 687 1129 738 REVELATA.

458 856 607 906 chritudine
619 865 679 906 ors:
697 857 777 906 etiarn
797 856 865 906 Fun
875 857 941 922 Tyri
958 857 1052 908 areret
1069 873 1175 918 munus,
1189 858 1271 910 ludes
1283 868 1343 910 tuus
1354 858 1446 922 depre-

458 923 589 971 cabuntur
595 921 691 971 divites
701 923 792 986 populi
801 939 806 972 :
821 932 878 972 tote
885 923 1003 986 pretiosa
1012 923 1079 973 mia
1089 924 1170 987 Regis
1179 925 1251 974 intus
1261 939 1268 985 ;
1279 925 1313 974 de
1321 925 1446 987 implexis

458 987 515 1036 euri
527 987 609 1036 restis
621 986 688 1050 ejus,
703 987 730 1036 in
742 985 871 1050 scupidlis
882 989 1029 1039 adducetur
1040 989 1107 1053 Regi
1117 1004 1123 1048 ;
1141 989 1265 1052 Vlrgines
1281 999 1344 1053 post
1360 990 1443 1048 illum,

458 1053 560 1182 ιωίεὓι
572 1051 639 1116 ejus,
654 1053 762 1102 venient
774 1053 802 1102 in
814 1054 941 1116 palatium
954 1053 1036 1117 Regis
1044 1054 1059 1074 ''
1069 1055 1180 1118 (Psalns.
1190 1055 1244 1104 xlv.
1259 1055 1338 1104 10-16
1350 1052 1396 1121 [B.
1406 1057 1443 1105 A.

458 1129 522 1180 9-15
557 1131 563 1176 ἱ

327 1271 371 1333 ibi
401 1290 460 1352 per
488 1270 648 1351 “Regem
657 1269 673 1295 ”
701 1271 903 1353 intelligitur
932 1271 1108 1346 Dominus,
1138 1293 1198 1355 per
1224 1272 1446 1355 “Reginam'‘

242 1445 246 1455 Ι
327 1363 481 1427 Ecclesia
494 1373 530 1428 ut
543 1363 652 1438 Uxor,
666 1384 725 1446 per
742 1363 855 1427 “filias
863 1363 879 1388 '⁹
894 1374 929 1429 et
946 1366 1121 1447 “virgines
1130 1365 1145 1391 '¹
1156 1363 1350 1431 affectiones
1366 1366 1445 1430 boni

326 1469 362 1521 et
381 1459 459 1521 veri.
504 1457 636 1521 Similes
654 1455 849 1522 affectiones
867 1478 927 1541 per
946 1459 1120 1541 “virgines
1129 1460 1144 1484 ”
1161 1459 1392 1541 significantur
1410 1463 1443 1524 in

327 1551 443 1615 Verbo
466 1550 554 1625 alibi,
575 1553 629 1615 ubi
654 1551 842 1634 “juvenes’'
861 1552 959 1616 simul
982 1554 1207 1628 nominantur,
1227 1555 1304 1636 quia
1325 1552 1444 1636 “juve-

327 1645 410 1709 nes'’
427 1645 618 1728 significant
637 1666 726 1722 vera,
743 1666 783 1710 ac
800 1647 976 1728 “virgines
984 1647 1000 1671 ”
1017 1645 1212 1712 affectiones
1230 1647 1382 1726 illorum;
1407 1658 1443 1712 ut

326 1741 359 1801 in
379 1739 596 1823 sequentibus
614 1739 716 1804 locis:

378 1887 471 1937 “Ecce
487 1888 545 1937 dies
564 1887 676 1946 venturi,
690 1887 786 1952 quibus
803 1887 945 1938 immistum
962 1888 1062 1939 lumem
1080 1889 1108 1938 in
1126 1897 1205 1947 terra,
1219 1903 1275 1938 nou
1292 1889 1391 1939 lumem
1408 1891 1443 1940 ad

457 1966 563 2016 panem,
578 1967 627 2002 nec
639 1953 712 2003 sitim
723 1954 758 2003 ad
775 1968 866 2017 aquas,
879 1953 928 2004 sed
939 1953 973 2004 sd
990 1954 1151 2004 audlendum
1163 1955 1246 2004 verbs
1261 1955 1398 2021 Jehovae;
1415 1957 1444 2004 in

456 2019 499 2067 dle
511 2018 556 2067 lllo
568 2017 691 2068 deficient
702 2018 827 2081 Virgines
839 2019 973 2082 pulchrae,
987 2029 1014 2068 et
1025 2018 1144 2083 Juvenes
1155 2019 1222 2069 sitl”
1233 2019 1324 2080 (Assos
1335 2021 1388 2070 viii.
1402 2033 1441 2078 11,

377 2151 394 2172 '⁴
403 2083 535 2198 Erulllie
547 2147 647 2208 Zidon;
665 2148 731 2198 dixit
741 2148 825 2206 Mare,
838 2148 900 2198 Non
913 2150 1048 2212 perturivi,
1060 2163 1110 2199 nec
1119 2150 1219 2212 peperi,
1230 2160 1257 2199 et
1266 2165 1322 2200 non
1331 2151 1442 2200 educavi

455 2212 580 2278 Juvenes,
594 2213 745 2264 adolescere
758 2214 807 2263 leci
820 2213 944 2276 Virgines
952 2213 966 2234 ’'
977 2214 1062 2279 (Esoj.
1073 2213 1146 2265 xxiii.
1157 2214 1199 2276 4);

376 2281 394 2304 ‘⁸
402 2279 530 2330 Torculsr
537 2282 648 2330 calcavit
658 2281 791 2331 Dominus
798 2282 903 2344 Virgini
911 2281 993 2331 Filiae
999 2279 1153 2347 Jenudaeffl:
1166 2283 1254 2333 videte
1260 2281 1381 2332 dolorem
1390 2296 1445 2331 me·

456 2359 513 2405 um;
526 2345 651 2408 Virgines
660 2345 812 2412 etJuvenes
821 2347 926 2396 iverunt
934 2348 961 2396 in
970 2347 1152 2409 osptivltntem
1161 2348 1311 2410 ''(Tlsren.l.
1320 2347 1444 2408 4,15,18);

376 2415 540 2479 “Quantum
559 2415 660 2464 bonum
683 2413 779 2476 Ipsius,
799 2422 826 2462 et
843 2421 943 2476 quante
962 2412 1130 2475 pulchritudo
1152 2410 1163 2459 l
1199 2412 1257 2470 lus;
1280 2411 1442 2460 trumentum

456 2479 582 2544 Juvenes,
596 2489 623 2530 et
636 2488 752 2528 mustum
764 2477 917 2528 adolescere
928 2476 990 2526 lecit
1001 2476 1126 2539 Virgines
1134 2475 1149 2496 ”
1173 2477 1247 2526 Such.
1258 2475 1294 2526 ix.
1307 2479 1365 2536 17);

377 2548 394 2570 ‘¹
405 2545 589 2609 Implebuntur
597 2545 701 2607 plateae
712 2545 785 2593 urbis
800 2543 892 2592 Pueris
901 2553 928 2592 et
938 2542 1037 2592 Puellis
1047 2542 1200 2592 ludentibus
1205 2545 1233 2592 iu
1239 2545 1336 2607 plureis
1343 2539 1445 2607 ejusl¹¹”

468 2611 541 2661 Such.
553 2611 607 2660 vill.
655 2623 661 2668 ;

377 2679 395 2704 ‘⁸
403 2611 502 2727 Sedlnt
513 2676 541 2725 in
554 2611 645 2740 terrall
660 2682 749 2724 tacent
761 2673 886 2724 seniores
904 2672 986 2723 Filiae
998 2672 1095 2730 Sionis,
1109 2672 1271 2723 descendere
1283 2671 1402 2722 lecerunt
1415 2671 1442 2721 in

456 2752 554 2791 terram
575 2750 653 2803 ceput
672 2736 906 2853 suumlJVirgines
927 2738 1151 2801 Hierosolyma:
1174 2739 1216 2787 cui
1233 2738 1389 2788 assimilabo
1406 2748 1441 2795 te,

454 2806 538 2869 Virgo
552 2805 618 2855 Filia
629 2805 734 2862 Sionis:
778 2805 877 2867 irgines
886 2818 963 2853 meae
971 2813 999 2853 et
1008 2804 1125 2868 Juvenes
1133 2804 1273 2866 jacuerunt
1285 2803 1313 2852 in
1325 2803 1420 2866 pluteis
1428 2802 1443 2821 ''

455 2871 564 2933 (Thren.
577 2870 602 2921 li.
617 2884 654 2927 10,
669 2883 707 2930 13.
720 2870 768 2931 21).

373 2938 494 3003 (Praeter
511 2937 583 2996 alibi,
603 2946 631 2985 ut
649 2937 745 3013 Jerens.
759 2935 786 2985 li.
802 2946 899 2995 20-23;
934 2934 1026 2984 Tkren,
1041 2948 1067 2983 r.
1083 2946 1180 2990 10-12;
1214 2933 1305 2984 Erech.
1321 2934 1356 2983 ix.
1370 2947 1395 2993 4,
1409 2932 1442 2992 6;

454 3003 552 3053 Psabn.
564 3001 664 3051 lxxviii.
676 3000 773 3061 62-64;
796 3000 888 3050 Deutr.
901 3000 981 3050 xxxii.
994 2998 1046 3061 25.)

384 3158 479 3221 621·
507 3154 572 3216 ‘m
601 3154 755 3237 surripui
782 3159 954 3236 sequuntur
977 3152 1093 3235 Apsum
1119 3171 1298 3236 quoeunque
1327 3154 1442 3227 rodii,''

324 3247 490 3329 significat
506 3246 596 3328 quod
606 3244 767 3330 conjunlli
779 3246 848 3309 sint
861 3244 1001 3308 Domino
1011 3253 1075 3325 per
1088 3265 1232 3308 amorem
1246 3255 1278 3307 et
1285 3244 1391 3329 fidem
1406 3246 1441 3309 in

324 3342 449 3422 Ipsum,
477 3341 556 3422 quia
582 3340 738 3403 vt'rrerunt
766 3339 939 3403 secundum
964 3348 1142 3420 praecepta
1170 3338 1439 3421 Ipsius-Quod

324 3435 407 3499 haec
427 3434 665 3516 significentur,
685 3444 781 3516 patet
799 3434 843 3497 ab
861 3434 913 3497 his
931 3433 1067 3496 Domini
1085 3434 1214 3497 verbis:

375 3582 453 3647 “Qui
470 3582 533 3632 lacit
551 3591 692 3645 praecepto
710 3558 834 3631 Mea'ille
851 3589 925 3631 amat
943 3580 997 3639 Me,
1016 3582 1157 3631 cremabo
1174 3580 1259 3641 illum,
1272 3591 1300 3632 et
1315 3584 1350 3633 sd
1367 3582 1440 3633 illum

454 3650 568 3706 veniam,
582 3657 609 3697 et
620 3648 690 3710 apud
703 3648 775 3696 illurn
789 3647 958 3696 mansionem
970 3646 1066 3695 faciam
1075 3646 1089 3665 '¹
1101 3646 1177 3711 (Joh.
1187 3648 1241 3696 xiv.
1253 3648 1361 3709 20-23);

324 3788 359 3841 et
378 3776 475 3840 alibi:

339 3946 341 3953 ι
374 3918 468 3969 Pastor
485 3920 584 3975 ovium,
601 3917 734 3981 “quando
752 3915 874 3979 proprias
891 3930 956 3965 oves
973 3914 1101 3974 eduxerit,
1115 3929 1206 3965 coram
1224 3915 1276 3966 illis
1294 3916 1400 3977 incedit,
1413 3925 1441 3967 et

453 4000 518 4033 oves
529 3983 620 4046 Ipsum
631 3991 785 4046 sequuntur,
794 3982 949 4045 quiasciunt
956 3995 1049 4029 vocem
1059 3978 1147 4043 Ipsius
1158 3996 1164 4030 :
1182 3996 1247 4030 oves
1257 3980 1335 4031 Meae
1344 3997 1439 4032 vocem

455 4047 544 4108 Meam
557 4048 676 4107 audiunt,
687 4055 714 4096 et
728 4046 785 4110 Ego
796 4060 931 4109 cognosco
943 4061 998 4103 ess,
1012 4055 1039 4095 et
1050 4056 1197 4109 sequuntur
1210 4046 1256 4096 Me
1264 4046 1278 4067 ”
1290 4046 1365 4113 (Joh.
1376 4062 1403 4098 x.
1413 4061 1438 4109 4,

458 4114 547 4175 ⁵·27l;

382 4258 476 4322 622·
505 4255 570 4317 ‘m
587 4254 680 4335 ampli
695 4258 769 4316 suni
787 4253 825 4316 ds
849 4251 1050 4326 homiuibus,''
1071 4251 1238 4334 significat
1260 4253 1351 4335 quod
1367 4254 1440 4317 sint

321 4348 382 4429 qui
396 4370 418 4411 a
437 4345 577 4410 Domino
593 4355 772 4427 potuerunt
789 4344 987 4426 regenerari,
1007 4355 1039 4407 et
1055 4344 1104 4407 sic
1120 4343 1242 4407 redimi
1254 4344 1290 4407 in
1308 4345 1438 4419 mundo,

322 4453 475 4524 utsupra
496 4440 541 4521 (n.
561 4440 650 4521 619),
670 4441 726 4503 ubi
744 4439 873 4502 similia.

380 4538 478 4619 623·
506 4536 685 4599 “Primitiae
710 4535 772 4598 ooo
795 4541 829 4598 sl
849 4534 969 4617 Apn0,''
994 4533 1161 4617 significat
1186 4535 1437 4598 im'tiamentum

323 4626 419 4693 Caeli
440 4626 632 4693 christani
650 4626 855 4709 agrwscentis
880 4626 986 4690 Deum
1006 4645 1105 4689 unum
1129 4626 1163 4688 in
1184 4646 1247 4708 quo
1275 4624 1436 4702 Trinitas,
