3384 5400
351 699 411 780 578
668 711 916 762 nrocauvrms
939 713 1150 764 nuvsunra.

347 878 543 958 Ecclesiae;
567 879 626 944 sed
646 901 749 963 usque
772 901 834 944 nec
858 890 955 944 erant
977 881 1111 964 phialae
1132 892 1167 947 et
1191 883 1223 946 in
1246 881 1311 947 illis
1330 903 1410 947 vera
1431 894 1468 949 et

346 973 447 1050 bona,
467 975 526 1037 sed
550 996 610 1057 per
627 975 701 1038 illas
722 974 929 1058 significatur
951 976 1097 1039 influxus
1119 999 1139 1040 e
1161 977 1266 1042 Caelo
1288 979 1321 1041 in
1344 977 1468 1042 Eccle-

347 1071 431 1132 siam
443 1091 450 1147 ;
468 1071 557 1151 quod
571 1070 725 1133 dicantur
736 1071 886 1152 “plenae
898 1072 945 1134 ira
958 1070 1022 1134 Dei
1034 1071 1208 1148 viventiS‚”
1217 1083 1270 1136 est
1283 1074 1467 1136 secundum

346 1164 474 1244 stylum
494 1164 600 1228 Verbi
623 1166 655 1227 in
679 1163 785 1228 Sensu
809 1165 926 1229 literae
945 1165 1026 1248 ejus,
1046 1176 1082 1230 ut
1106 1178 1264 1230 constare
1286 1177 1401 1249 potest
1422 1188 1466 1229 ex

346 1257 430 1323 locis
442 1248 602 1324 'adductis
621 1279 729 1341 supra,
747 1261 915 1342 inquibus
933 1262 1133 1325 adscribitur
1149 1260 1299 1342 Jehovae
1316 1261 1416 1325 “ira'‘
1431 1272 1466 1324 et

348 1354 691 1428 “excandescentia’'
707 1364 742 1418 et
759 1375 864 1437 usque
877 1355 1027 1437 Jehovae
1046 1355 1139 1419 nulla
1157 1358 1204 1419 ira
1223 1366 1258 1419 et
1277 1356 1467 1420 excandes-

347 1450 460 1512 centia
482 1459 545 1524 est,
570 1450 629 1512 sed
652 1459 705 1513 est
732 1450 859 1512 homini
881 1459 1001 1512 contra
1024 1450 1158 1532 Ipsum;
1196 1471 1297 1514 causa
1319 1450 1410 1532 quod
1432 1452 1466 1514 in

347 1541 454 1606 Sensu
475 1543 593 1607 literae
611 1545 658 1607 ita
677 1545 817 1618 dicatur,
837 1544 992 1607 videatur
1006 1564 1106 1626 supra
1126 1543 1173 1626 (n.
1195 1558 1265 1625 525,
1284 1545 1357 1626 635,
1375 1544 1465 1627 658).

346 1637 403 1701 Ex
423 1637 475 1702 his
494 1649 601 1721 patet,
618 1640 707 1721 quod
726 1660 786 1721 per
805 1638 964 1720 “phialas
982 1638 1100 1720 plenas
1118 1640 1166 1703 ira
1185 1639 1249 1702 Dei
1268 1641 1413 1702 viventis
1431 1641 1465 1702 in

347 1734 481 1796 saecula
499 1733 708 1797 saeculorum
717 1733 732 1759 ”
748 1733 979 1815 significentur
994 1734 1065 1797 dira
1080 1734 1169 1796 mala
1187 1743 1223 1798 et
1241 1734 1326 1797 falsa
1344 1733 1465 1798 Eccle-

347 1829 416 1891 siae
431 1831 622 1910 apparitura
638 1839 672 1892 et
687 1829 881 1910 detegenda
896 1849 955 1910 per
971 1828 1061 1892 bona
1076 1839 1111 1892 et
1123 1850 1203 1892 vera
1215 1827 1330 1892 Verbi.
1375 1828 1468 1892 Mala

347 1931 382 1986 et
401 1923 484 1985 falsa
503 1943 564 1986 nec
580 1923 679 1986 aliter
694 1923 901 2004 deteguntur
919 1943 1019 2006 quam
1038 1944 1097 2007 per
1113 1943 1193 1986 vera
1211 1935 1246 1987 et
1265 1924 1364 2000 bona,
1381 1925 1465 1988 haec

347 2019 437 2080 enim
456 2029 534 2081 sunt
557 2019 590 2081 in
615 2018 687 2081 luce
706 2017 810 2094 Caeli,
830 2028 867 2081 at
885 2018 970 2082 falsa
987 2028 1023 2082 et
1047 2017 1137 2082 mala
1158 2029 1237 2082 sunt
1259 2020 1293 2080 in
1316 2019 1465 2082 tenebris

348 2111 471 2176 Inferni
486 2133 493 2191 ;
517 2123 551 2176 et
571 2114 604 2176 in
624 2113 771 2177 tenebris
787 2113 869 2175 nihil
888 2113 1069 2195 detegitur,
1086 2114 1163 2195 quia
1178 2133 1246 2176 non
1262 2112 1351 2176 aliud
1366 2133 1466 2196 quam

346 2206 472 2269 malum
497 2218 531 2270 et
554 2207 674 2271 salsum
697 2209 741 2270 ibi
764 2218 925 2290 apparet3
962 2208 1022 2270 sed
1046 2228 1065 2271 e
1088 2207 1162 2270 luce
1184 2227 1203 2270 e
1226 2206 1331 2271 Caelo
1353 2209 1466 2271 omnia

346 2301 563 2382 deteguntur,
579 2303 661 2385 ¹quia
683 2304 715 2364 in
739 2302 796 2365 illa
819 2303 933 2365 omnia
955 2312 1139 2385 apparent:
1163 2301 1240 2365 Lux
1261 2301 1354 2365 Caeli
1376 2303 1465 2366 enim

346 2406 399 2460 est
420 2396 578 2460 Divinum
598 2397 726 2460 Verum
745 2396 890 2460 Divinae
909 2395 1101 2479 Sapientiae
1121 2396 1267 2460 Domini.
1317 2428 1321 2433 ·

406 2494 522 2576 674⁰.
547 2504 632 2573 [νινε.
645 2504 684 2570 8.]
699 2502 717 2530 ¹¹
725 2493 764 2556 fr
775 2494 926 2574 impletum
938 2499 988 2556 ori
1001 2493 1149 2574 Templum
1160 2493 1242 2554 fumo
1253 2512 1294 2555 οι
1301 2493 1402 2575 picria
1412 2492 1469 2556 uei

345 2589 380 2646 ei
393 2585 501 2647 virtute
513 2585 620 2667 Ε]ἰιε,”
632 2583 801 2665 significat
813 2583 972 2646 intimum
986 2582 1084 2648 Caeli
1089 2583 1225 2664 plenum
1234 2583 1363 2646 Divino
1381 2583 1464 2650 Vero

345 2676 522 2760 spirituali
546 2688 578 2741 et
603 2675 736 2741 caelesti
757 2697 779 2741 a
804 2675 1059 2741 Daritim—Per
1083 2675 1291 2759 “Templum
1299 2674 1315 2701 ”
1337 2674 1463 2759 signifi·

346 2782 441 2834 catur
460 2772 613 2835 intimum
634 2771 737 2846 Caeli,
758 2772 801 2834 de
819 2790 887 2853 quo
905 2792 1003 2853 supra
1021 2769 1068 2852 (n.
1084 2770 1184 2852 669);
1208 2790 1267 2853 per
1287 2770 1464 2834 “fumum’'

345 2866 552 2948 significatur
569 2867 725 2931 Divinum
745 2868 778 2929 in
798 2866 935 2941 ultimis,
952 2866 994 2929 de
1010 2886 1077 2949 quo
1092 2867 1260 2949 sequitur;
1283 2886 1343 2947 per
1359 2865 1463 2948 “glo-

344 2962 427 3024 riam
437 2961 451 2986 ”
469 2960 676 3043 significatur
695 2960 852 3024 Divinum
872 2960 1000 3023 Verum
1019 2960 1190 3042 spirituale
1211 2960 1257 3042 (n.
1275 2977 1347 3041 249,
1363 2960 1462 3042 629);

345 3066 380 3119 et
411 3077 470 3137 per
495 3054 708 3119 “virtutem'’
736 3054 943 3138 significatur
974 3054 1131 3117 Divinum
1160 3054 1287 3118 Verum
1315 3054 1462 3118 caeleste

347 3150 394 3229 (n.
412 3150 508 3233 373):
533 3151 610 3213 inde
626 3170 686 3232 per
703 3149 907 3231 “impletum
923 3159 976 3213 est
993 3149 1172 3231 Templum
1188 3149 1279 3211 sumo
1294 3169 1338 3212 ex
1355 3150 1463 3231 gloria

346 3244 409 3308 Dei
431 3256 465 3309 et
484 3248 608 3308 virtute
632 3244 741 3326 Ejus,”
760 3243 968 3325 significatur
990 3244 1144 3307 intimum
1163 3242 1303 3307 Caelum
1327 3243 1462 3325 plenum

344 3338 468 3403 Divino
480 3339 573 3403 Vero
585 3338 747 3421 spirituali
765 3350 799 3402 et
816 3339 964 3402 caelesti.
1010 3338 1110 3419 Quod
1125 3337 1283 3400 “fumus''
1295 3336 1462 3419 significet

344 3432 505 3497 Divinum
532 3454 646 3496 verum
674 3436 707 3496 in
734 3433 870 3505 ultimis,
895 3442 948 3495 est
974 3435 1051 3515 quia
1075 3432 1219 3513 “ignis'’
1244 3452 1264 3494 a
1289 3452 1357 3515 quo
1381 3432 1462 3496 fumi

343 3538 433 3604 sunt,
453 3527 620 3609 significat
643 3548 812 3606 amorem3
842 3528 959 3608 “ignis
978 3526 1108 3590 Altaris
1131 3525 1320 3589 holocausti
1329 3525 1344 3549 ”
1366 3546 1460 3589 amo·

342 3642 414 3686 rem
438 3621 620 3685 caelestem
651 3621 696 3702 (n.
721 3636 792 3703 395,
815 3620 918 3703 494);
955 3631 990 3684 et
1015 3621 1129 3701 “ignis
1153 3619 1284 3683 Altaris
1307 3619 1462 3684 suffitus'’

343 3736 492 3780 amorem
511 3717 717 3798 spiritualem
740 3715 785 3797 (n.
806 3731 877 3797 277,
898 3732 969 3796 392,
990 3714 1086 3796 394):
1117 3715 1207 3797 quod
1228 3713 1385 3777 “fumus''
1403 3714 1461 3777 illa

343 3810 520 3892 significet,
541 3822 697 3875 constare
716 3820 830 3893 potest
850 3830 894 3873 ex
913 3810 965 3872 his
983 3810 1086 3873 locis:

394 3970 528 4021 “Creabit
543 3970 664 4036 Jehovah
685 3985 765 4034 super
782 3984 863 4020 omne
883 3969 1062 4019 habitaculum
1081 3970 1180 4019 montis
1198 3969 1288 4020 Zionis
1306 3972 1405 4020 nubem
1421 3971 1461 4020 in·

473 4038 568 4095 terdiu,
587 4051 619 4085 ac
638 4036 750 4085 Fumum
769 4045 795 4085 et
813 4036 984 4100 splendorem
1003 4036 1073 4099 ignis
1090 4032 1188 4095 noilu;
1206 4050 1269 4085 nam
1287 4051 1368 4098 super
1384 4037 1460 4086 omni

473 4104 559 4164 gloria
570 4104 789 4164 obtegumentum
799 4101 813 4121 ''
824 4102 910 4164 <Esaj.
922 4102 958 4151 iv.
971 4101 1010 4161 5);
1051 4132 1059 4151 .

392 4166 527 4217 Commoti
545 4177 608 4217 sunt
625 4178 715 4229 postes
727 4168 849 4216 liminum
864 4181 881 4215 a
892 4181 959 4216 voce
970 4167 1141 4216 clamantium
1159 4166 1307 4230 Seraphim.
1321 4182 1353 4216 ac
1363 4167 1460 4218 domus

345 4279 349 4287 ,
474 4234 584 4296 impleta
595 4244 636 4281 est
649 4232 733 4281 Fumo
745 4233 827 4297 (Esaj.
839 4233 875 4283 vi.
886 4230 913 4294 4)
923 4247 929 4290 ;

393 4298 549 4349 “Ascendit
567 4298 666 4347 Fumus
683 4298 818 4348 suffituum
836 4312 896 4347 cum
914 4297 1036 4361 precibus
1047 4293 1255 4348 Sanctorumffle
1268 4312 1350 4347 manu
1361 4297 1459 4361 Angeli

474 4378 564 4413 coram
578 4363 637 4414 Deo
646 4364 660 4383 '’
672 4362 757 4428 (Apoc.
769 4364 824 4414 viii.
835 4364 863 4425 4)
873 4378 879 4424 ;

393 4427 516 4558 “Llnpkn
536 4430 681 4558 liurpigaps
699 4444 753 4478 non
772 4430 941 4492 exstinguam
964 4428 991 4477 in
1012 4427 1151 4478 veritatem
1172 4428 1290 4493 proferet
1308 4426 1459 4491 iudicium''

509 4512 557 4560 sa).
568 4509 622 4545 xn.
635 4508 668 4556 3.

344 4656 445 4742 Quod
466 4660 624 4724 “fumus''
644 4662 675 4725 in
695 4661 854 4744 opposito
876 4680 975 4724 sensu
998 4656 1163 4742 significet
1184 4657 1268 4721 salsa
1286 4657 1458 4741 concupis·

1506 965 1509 968 ⁴

1651 2118 1653 2237 l
