3384 5400
378 680 441 747 722
697 680 945 732 APOCALYPSIS
968 678 1178 731 REVELATA.

378 854 557 936 Byssinum
583 856 686 919 etiam
713 864 854 918 vocatur
878 850 1098 935 “xylinum;”
1128 872 1230 935 quare
1257 871 1316 935 per
1337 850 1369 915 id
1390 848 1487 915 etiam

376 948 583 1031 significatur
601 950 784 1031 genuinum
804 948 932 1011 Verum
952 948 985 1011 in
1008 947 1059 1011 his
1082 946 1170 1030 apud
1190 946 1330 1010 Mosen:

427 1104 445 1126 ⁰⁸
454 1102 507 1153 Pro
516 1102 643 1183 Abgrone
650 1102 792 1152 tesselabis
799 1102 916 1152 tunicam
925 1100 1025 1165 xylini;
1043 1110 1070 1150 et
1077 1100 1159 1151 iacies
1166 1100 1277 1150 cidarim
1285 1097 1389 1163 xylini''
1397 1097 1487 1161 (Exod.

426 1167 698 1284 “reeiiuvii'tiiiiu
709 1233 793 1297 xylini
805 1246 855 1295 pro
867 1232 995 1282 Aharone
1006 1240 1034 1281 et
1052 1230 1126 1281 Filiis
1138 1230 1196 1294 eius
1204 1230 1218 1251 '¹
1229 1229 1323 1292 (Exed.
1335 1230 1422 1279 xxxix.
1435 1228 1488 1289 27);

426 1300 444 1323 ‘⁴
453 1298 641 1349 Habitaculum
649 1298 734 1375 iacies
739 1299 859 1361 xylinum
867 1298 1078 1375 intertextumket
1086 1297 1297 1375 hyacinthinunr.
1306 1305 1332 1346 et
1340 1310 1487 1359 purpuram,

505 1375 531 1413 et
543 1364 696 1414 coccineum
708 1365 853 1427 dibaphum
863 1364 877 1383 '¹
889 1363 983 1423 (Exod.
994 1378 1067 1413 xxvi.
1081 1375 1093 1412 1
1104 1376 1111 1419 ς
1129 1377 1186 1425 cap.
1197 1376 1287 1411 xxxvi.
1300 1363 1340 1421 8);

425 1428 544 1480 “Facies
555 1439 720 1522 tenetes-pro
731 1430 800 1479 atrio
812 1444 846 1479 ex
855 1429 948 1492 xylino
959 1429 1103 1479 intertexto
1111 1428 1126 1449 ”
1134 1427 1228 1490 (ΕΜ.
1240 1427 1322 1478 xxvii.
1333 1442 1357 1490 9,
1369 1426 1398 1475 18
1409 1440 1415 1487 ;
1432 1440 1487 1489 cap.

422 1494 713 1611 Etimffffvvgffilffl
725 1574 786 1610 cum
798 1560 892 1624 xylino
904 1560 1047 1609 intertexto
1055 1558 1069 1580 ''
1081 1557 1175 1621 (Exod.
1186 1558 1296 1609 xxxviii.
1310 1556 1358 1621 18).

431 1710 528 1793 815·
556 1708 657 1772 ‘lem
671 1709 824 1794 byssinum
838 1709 980 1793 jusiiliee
994 1708 1210 1781 enneimmf'
1223 1708 1391 1791 significat
1405 1706 1492 1791 quod

366 1811 433 1885 per
449 1824 530 1866 vera
546 1824 589 1865 ex
614 1800 718 1867 Verbo
735 1804 805 1867 sint
826 1803 909 1865 bona
927 1802 1017 1865 vitae
1033 1800 1102 1865 illis
1121 1801 1181 1883 qui
1199 1801 1241 1865 ab
1262 1800 1409 1865 Ecclesia
1422 1800 1487 1865 De·

370 1897 458 1960 mini
484 1898 678 1961 sunl-Per
708 1898 910 1977 “byssinum
919 1896 934 1921 ''
964 1894 1195 1977 significantur
1225 1896 1373 1977 genuina
1400 1914 1486 1971 vera,

372 2012 458 2075 quae
481 2003 558 2056 sunt
577 2012 657 2055 vera
679 2012 738 2074 per
757 1991 907 2055 Verbum
931 2011 950 2053 a
974 1990 1132 2064 Domino,
1152 2000 1189 2054 ut
1212 2010 1295 2053 mox
1319 2010 1417 2072 supra
1441 1988 1484 2071 (n.

371 2086 470 2168 814);
494 2106 553 2169 per
570 2086 741 2168 “justitias
749 2085 764 2111 '⁹
779 2084 1011 2168 significantur
1025 2085 1115 2148 bona
1131 2086 1222 2148 vitae
1236 2086 1325 2167 apud
1345 2084 1420 2149 illos
1435 2084 1487 2167 qui

370 2180 404 2243 in
425 2182 512 2243 veris
535 2191 613 2244 sunt
637 2179 684 2261 (n.
703 2179 802 2261 668);
826 2200 886 2262 per
905 2176 1094 2243 “saneim''
1117 2178 1348 2261 significantur
1371 2179 1424 2262 qui
1446 2178 1487 2241 ab

370 2274 527 2339 Ecclesia
545 2275 681 2339 Domini
700 2286 778 2338 sunt
799 2273 846 2355 (n.
867 2290 934 2355 173,
954 2273 1039 2355 586).
1085 2271 1185 2355 Quod
1207 2274 1405 2355 “justitiae''
1422 2275 1486 2338 sint

369 2370 459 2432 bona
471 2372 561 2434 vitae
577 2369 665 2453 apud
684 2369 759 2433 illos
771 2370 826 2452 qui
842 2370 875 2431 in
892 2370 978 2432 veris
994 2378 1082 2443 sunt,
1096 2378 1149 2432 est
1164 2368 1241 2451 quia
1258 2389 1359 2434 nemo
1375 2379 1484 2453 potest

364 2461 475 2544 justus
494 2464 569 2538 dici,
589 2464 650 2528 nisi
669 2466 761 2527 vivat
780 2464 964 2526 secundum
982 2483 1062 2526 vera
1073 2484 1081 2541 ;
1101 2462 1211 2544 justus
1230 2465 1318 2526 enirn
1338 2465 1372 2527 in
1391 2474 1485 2527 natu·

369 2556 430 2620 rali
459 2556 566 2621 Scnsu
593 2558 715 2621 dicitur
743 2559 852 2621 omnis
879 2558 934 2639 qui
963 2558 1049 2621 bene
1076 2558 1158 2621 vivit
1186 2558 1370 2621 secundum
1395 2559 1485 2640 leges

368 2652 484 2716 civiles
502 2662 538 2716 et
557 2651 721 2730 morales;
745 2663 781 2717 at
796 2651 906 2734 justus
925 2653 957 2715 in
977 2651 1139 2735 spirituali
1158 2650 1265 2717 Sensu
1284 2654 1415 2730 dicitur,
1434 2654 1485 2738 qui

368 2746 455 2810 bene
473 2749 557 2809 vivit
575 2747 759 2810 secundum
783 2748 878 2829 leges
902 2747 1052 2821 Divinas,
1072 2757 1107 2811 et
1130 2747 1225 2830 leges
1248 2748 1392 2813 Divinae
1411 2761 1484 2814 sunt

368 2859 448 2902 vera
463 2861 507 2903 ex
525 2839 650 2903 Verbo.
696 2839 761 2923 Qui
778 2843 884 2904 credit
902 2863 937 2905 se
949 2839 1075 2922 justum
1092 2862 1176 2916 esse,
1193 2843 1334 2925 proinde
1348 2845 1381 2907 in
1399 2845 1485 2909 bono

367 2935 467 3008 vitae,
488 2935 615 3017 absque
637 2937 724 2998 veris
747 2936 930 2999 secundum
949 2955 1035 3018 quae
1054 2937 1156 3012 vivat,
1177 2937 1319 3001 multum
1342 2938 1483 3017 fallitur;

367 3047 446 3090 nam
465 3029 569 3092 homo
585 3049 653 3092 non
672 3041 786 3112 potest
803 3031 974 3096 reformari
993 3041 1028 3095 et
1045 3033 1245 3114 regenerari,
1262 3034 1403 3114 proinde
1419 3033 1483 3098 fieri

368 3122 487 3198 bonus,
511 3124 573 3186 nisi
599 3143 658 3206 per
680 3145 769 3196 vera.
793 3135 828 3188 et
856 3145 915 3207 per
937 3127 1041 3188 vitam
1068 3125 1252 3189 secundum
1278 3126 1344 3190 illa.
1405 3129 1484 3193 Inde

366 3227 474 3299 patet,
491 3219 581 3300 quod
598 3237 658 3300 ρετ
673 3220 874 3299 “byssinum
888 3219 1037 3300 justitiae
1053 3218 1270 3284 sandiorum”
1282 3221 1485 3303 significetur

366 3312 455 3392 quod
473 3332 532 3393 per
543 3333 623 3375 vera
638 3333 683 3375 ex
697 3313 814 3376 Verbo
831 3315 898 3376 sint
914 3314 1004 3377 bona
1017 3315 1106 3378 vitae
1122 3314 1186 3378 illis
1202 3315 1256 3398 qui
1273 3315 1315 3378 ab
1332 3315 1483 3382 Ecclesia

367 3404 504 3468 Domini
527 3416 616 3469 sunt.
663 3406 739 3471 Hoc
763 3408 939 3472 manifeste
962 3420 1058 3491 patet
1081 3410 1125 3474 ab
1146 3412 1277 3492 angelis
1300 3412 1414 3492 Caeli;
1440 3413 1484 3476 illi

366 3519 433 3581 quo
452 3499 526 3581 plus
545 3502 577 3562 in
593 3503 680 3564 veris
696 3511 786 3573 sunt.
803 3513 838 3564 et
858 3503 891 3564 in
907 3505 978 3566 vita
993 3503 1176 3568 secundum
1195 3505 1262 3580 illa,
1280 3527 1321 3570 eo
1336 3509 1482 3572 vestibus

366 3593 613 3748 lcandidioribus
628 3593 742 3659 amiiii
758 3607 942 3678 apparent;
967 3609 1135 3662 causaest
1151 3600 1228 3682 quia
1243 3601 1276 3663 in
1292 3602 1482 3667 candidiore

381 3706 440 3749 uce
459 3696 548 3750 sunt.

425 3777 524 3842 816.
549 3788 635 3856 [Vm.
648 3789 685 3857 9·]
710 3782 777 3844 ‘Ei
791 3781 867 3844 dieii
884 3782 965 3855 mihi,
979 3782 1098 3858 noreio,
1113 3785 1207 3850 esan
1222 3786 1277 3868 qvi
1289 3787 1337 3850 'nd
1353 3787 1482 3854 Beonan

365 3868 537 3948 nuptiarum
550 3867 630 3950 iqui
641 3871 743 3933 wenti
752 3873 860 3944 sunl,''
874 3872 1040 3954 significat
1056 3895 1157 3937 unum
1171 3875 1372 3957 Angelum
1388 3879 1418 3944 C
1417 3879 1482 3944 nelo

365 3957 506 4022 missum
517 3961 566 4022 ad
574 3961 773 4038 Johannem,
787 3974 818 4026 et
832 3963 1010 4046 loquentem
1021 3987 1093 4030 cum
1107 3967 1165 4030 illo
1179 3968 1220 4031 de
1229 3967 1328 4032 Nova
1339 3969 1482 4035 Ecclesia

364 4051 508 4127 Domini,
527 4064 559 4116 et
575 4055 741 4130 dicentem,
761 4059 851 4144 quod
869 4059 1007 4122 daretur
1024 4060 1108 4124 scire
1129 4062 1163 4124 in
1186 4062 1287 4126 terres
1306 4067 1399 4146 quod
1415 4067 1481 4131 vita

363 4156 498 4210 aeterna
512 4148 559 4211 sit
572 4149 642 4213 illis
655 4151 715 4233 qui
727 4153 888 4234 receptent
902 4153 962 4217 illa
974 4175 1057 4236 quae
1067 4155 1166 4219 istius
1177 4155 1343 4222 Ecclesiae
1356 4173 1481 4226 sunt.-

364 4237 465 4321 Quod
491 4242 588 4307 fuerit
612 4265 696 4309 unus
719 4245 875 4328 Angelus
899 4249 1018 4311 missus
1041 4269 1060 4312 e
1083 4248 1188 4314 Caelo
1214 4252 1255 4313 ad
1282 4251 1478 4334 Johannem‚

363 4336 418 4417 qui
442 4336 524 4400 haec
545 4337 677 4401 locutus
696 4349 749 4403 est
768 4341 811 4403 ad
834 4341 939 4416 illum,
960 4354 1117 4408 constare
1139 4355 1255 4428 potest
1278 4367 1298 4410 a
1321 4361 1480 4432 sequente

363 4449 471 4505 versu,
485 4432 574 4512 quod
586 4431 759 4514 Johannes
772 4436 952 4516 prociderit
963 4439 1007 4500 ad
1020 4439 1124 4520 pedes
1136 4439 1206 4521 ejus
1218 4441 1261 4504 ad
1272 4441 1481 4508 adorandum

363 4521 467 4598 illurn,
492 4535 527 4587 et
554 4527 644 4608 quod
672 4527 827 4609 Angelus
855 4531 1064 4613 responderit
1089 4535 1178 4616 quod
1206 4553 1388 4601 conservus
1414 4540 1478 4621 ejus

362 4627 464 4694 esset,
477 4619 554 4684 ideo
567 4620 656 4703 quod
672 4642 740 4685 non
760 4623 816 4687 ille
834 4624 895 4688 sed
914 4624 1006 4690 Deus
1025 4627 1217 4692 adorandus
1235 4641 1336 4696 esset.
1382 4630 1478 4716 Quod
