3384 5400
480 727 559 778 cnr.
577 727 692 789 xvnn,
706 725 808 776 vans.
829 724 955 774 12.—n.
972 725 1043 792 775.
1258 707 1322 788 677

203 897 304 982 Quod
335 900 444 963 “ebur
453 898 468 923 '⁹
497 897 664 980 significet
690 917 804 962 verum
837 897 1001 970 naturale,
1031 904 1188 959 constare
1217 895 1320 959 etiam

201 1003 317 1076 potest
336 1015 381 1057 ex
401 993 483 1058 locis
503 994 556 1056 ubi
576 993 657 1056 ebur
676 993 867 1056 nominatur

250 1154 299 1218 (Ut
309 1155 400 1285 Epipk.
412 1155 492 1206 xxvii.
504 1155 529 1215 6,
543 1167 588 1216 15;
611 1157 692 1204 Amos
704 1155 738 1205 iil.
753 1167 798 1216 15;
819 1169 877 1217 cap.
888 1150 941 1206 nil'l
949 1167 982 1214 43
1004 1153 1101 1204 psalm.
1112 1149 1212 1216 xlvl⁸19
1224 1149 1271 1218 [B.
1282 1154 1319 1203 A.

260 1379 354 1452 775.
381 1366 446 1428 “fr
466 1384 552 1428 omno
576 1385 629 1430 me
652 1384 693 1428 οι
712 1365 794 1448 liquo
811 1366 950 1451 pretioso
970 1369 1005 1428 et
1025 1383 1101 1428 uon
1123 1368 1158 1427 ot
1179 1364 1267 1427 torro
1290 1369 1325 1427 ot

201 1456 392 1529 murmuro,''
406 1454 573 1537 significat
589 1456 680 1538 quod
696 1455 776 1518 haec
796 1453 870 1518 illis
893 1471 956 1516 non
977 1455 1127 1536 amplius
1140 1453 1222 1527 sint,
1238 1455 1321 1536 quia

200 1569 263 1612 non
290 1559 369 1612 sunt
394 1549 463 1612 illis
490 1549 666 1632 scientifica
692 1548 776 1611 bona
801 1557 833 1610 et
855 1569 936 1610 vera
962 1548 997 1609 in
1022 1547 1119 1610 rebus
1145 1547 1319 1620 Ecclesiae,

200 1642 318 1724 quibus
344 1641 429 1706 talia
454 1641 857 1723 correspondent—Haec
885 1642 1006 1705 similia
1031 1651 1111 1705 sunt
1138 1662 1214 1704 cum
1243 1641 1319 1717 illis,

199 1757 286 1820 quae
309 1757 410 1819 supra
436 1735 483 1820 (n.
506 1752 578 1818 772,
602 1751 674 1818 773,
693 1737 775 1818 774)
800 1736 972 1818 explicata
997 1746 1097 1814 sunt;
1127 1755 1201 1799 cum
1225 1736 1319 1801 diffe-

199 1834 320 1906 rentia,
339 1831 428 1914 quod
452 1852 511 1914 per
533 1832 617 1895 haec
637 1829 866 1912 significentur
884 1828 1078 1902 scientifica,
1097 1830 1321 1912 quaeultima

200 1925 362 1991 naturalis
378 1927 501 1990 mentis
516 1926 660 1989 hominis
672 1935 750 1988 sunt
762 1947 769 2002 ;
789 1945 885 2007 quae,
899 1926 976 2007 quia
987 1924 1143 1989 differunt
1155 1924 1320 2007 qualitate

199 2042 244 2085 ex
264 2021 412 2104 essentia
429 2039 515 2102 quae
534 2019 567 2082 in
585 2019 660 2094 illis,
678 2019 834 2083 dicuntur
853 2024 873 2051 ‘⁴
883 2039 963 2082 vasa
981 2019 1139 2100 exligno
1157 2021 1318 2101 pretioso,

198 2136 244 2178 ex
263 2135 352 2190 aere,
372 2135 417 2176 ex
439 2113 525 2176 ferro
544 2123 579 2176 et
602 2134 646 2176 ex
666 2112 861 2186 marmore,”
879 2132 938 2195 per
957 2113 1089 2176 “vasa’'
1107 2115 1196 2177 enim
1214 2115 1319 2195 signi·

199 2207 344 2273 ficantur
361 2208 555 2282 scientifica,
575 2211 628 2275 hic
650 2211 682 2273 in
704 2210 802 2273 rebus
821 2209 1016 2285 Ecclesiae;
1039 2210 1116 2290 quia
1134 2209 1320 2274 scientifica

198 2315 277 2370 sunt
295 2306 511 2370 continentia
534 2306 612 2370 boni
636 2317 670 2370 et
693 2305 772 2379 veri,
794 2307 882 2368 sicut
904 2315 983 2368 sunt
1005 2325 1087 2368 vasa
1109 2305 1319 2371 continentia

198 2399 265 2462 olei
288 2399 419 2464 etvini.
464 2398 656 2464 Scientifica
673 2401 780 2464 etiam
804 2409 881 2462 sunt
903 2400 937 2461 in
959 2397 1068 2462 multa
1086 2400 1263 2473 varietate,
1282 2410 1318 2465 et

197 2493 449 2576 receptaculum
473 2513 588 2558 eorum
615 2504 667 2558 est
694 2494 864 2558 memoria.
924 2490 1025 2576 Quod
1050 2493 1117 2556 sint
1143 2513 1189 2556 ex
1211 2494 1319 2559 multa

197 2589 375 2662 varietate,
400 2599 453 2652 est
475 2589 552 2670 quia
574 2589 733 2652 interiora
755 2587 900 2652 hominis
923 2598 1001 2650 sunt
1024 2588 1057 2650 in
1079 2587 1164 2664 illis;
1191 2589 1317 2653 immit-

196 2691 317 2748 tuntur
334 2685 436 2748 etiam
456 2684 489 2747 in
508 2684 703 2747 memoriam
719 2681 773 2747 vel
792 2704 837 2745 ex
856 2679 1078 2747 intellectuali
1096 2684 1317 2765 cogitatione,
1350 2704 1354 2711 ’

196 2777 251 2841 vel
270 2798 317 2841 ex
335 2778 516 2851 auditione,
534 2778 587 2841 vel
607 2799 651 2841 ex
671 2775 826 2852 lectione,
843 2786 878 2841 et
895 2787 975 2840 tunc
992 2778 1174 2840 secundum
1191 2781 1317 2843 variam

196 2873 451 2955 perceptionem
471 2892 515 2934 ex
534 2871 710 2948 rationali;
733 2872 816 2935 haec
834 2872 947 2935 omnia
965 2874 1055 2934 intus
1072 2872 1106 2933 in
1126 2872 1318 2936 scientificis

196 2977 286 3042 sunt,
312 2966 401 3047 quod
428 2976 568 3047 apparet
595 2966 730 3047 quando
756 2967 1032 3047 reproducuntur,
1060 2968 1151 3047 quod
1176 2966 1213 3030 lit
1241 2987 1316 3031 cum

195 3060 302 3124 homo
318 3059 463 3142 loquitur
478 3068 535 3123 aut
549 3061 689 3141 cogitat.
730 3058 819 3141 Quid
835 3070 949 3123 autem
966 3078 1025 3141 per
1038 3063 1148 3122 “vasa
1162 3080 1206 3123 ex
1224 3061 1318 3143 ligno

195 3157 358 3237 pretioso,
382 3175 426 3218 ex
454 3173 541 3227 aere,
565 3175 609 3218 ex
637 3155 723 3219 lerro
748 3164 783 3219 et
810 3174 855 3217 ex
883 3152 1072 3218 marmore”
1099 3154 1315 3236 significatur,

195 3249 312 3330 paucis
338 3248 486 3311 dicetur:
521 3268 581 3329 per
608 3254 695 3312 “vas
722 3269 766 3312 ex
796 3249 890 3330 ligno
916 3248 1088 3330 pretioso”
1109 3248 1317 3329 significatur

194 3340 417 3406 scientificum
439 3363 483 3406 ex
507 3342 599 3406 bono
617 3353 651 3406 et
671 3364 751 3409 vero
770 3342 946 3420 rationali;
971 3363 1029 3424 per
1048 3348 1136 3405 “vas
1155 3364 1199 3405 ex
1216 3364 1292 3408 aere
1301 3344 1317 3369 ’⁹

194 3436 403 3519 significatur
428 3436 648 3501 scientificum
679 3459 722 3500 ex
752 3437 842 3500 bono
874 3436 1035 3513 naturali,
1067 3457 1127 3519 per
1154 3443 1241 3499 “vas
1270 3459 1315 3502 ex

194 3530 306 3595 lerro”
335 3528 540 3613 significatur
569 3529 787 3595 scientificum
816 3552 860 3594 ex
888 3553 969 3594 vero
997 3531 1159 3607 naturali;
1194 3542 1228 3594 et
1256 3553 1316 3616 per

195 3629 284 3689 “vas
304 3646 349 3689 ex
373 3624 561 3689 marmore’'
581 3624 787 3707 significatur
806 3625 1025 3689 scientificum
1049 3647 1093 3689 ex
1117 3629 1316 3709 apparentia

193 3719 274 3784 boni
301 3730 338 3783 et
361 3720 439 3783 veri.
485 3717 584 3801 Quod
610 3720 764 3802 “lignum
775 3720 789 3744 ’'
812 3718 979 3801 significet
1002 3720 1138 3795 bonum,
1162 3721 1315 3785 videatur

194 3834 275 3879 mox
301 3834 401 3895 supra
426 3812 472 3895 (n.
496 3810 621 3896 774l⁸1);
652 3814 742 3897 quod
769 3814 820 3878 hic
844 3836 904 3896 per
928 3820 946 3846 ‘⁴
957 3814 1084 3896 lignum
1107 3814 1314 3896 pretiosum”

193 3908 402 3989 significetur
420 3908 545 3971 bonum
565 3917 600 3971 et
619 3908 715 3972 simul
732 3927 847 3971 verum
864 3907 1039 3984 rationale,
1056 3919 1108 3972 est
1124 3910 1201 3991 quia
1221 3910 1313 3993 “lig-

194 4002 298 4065 num''
328 4000 495 4083 significat
524 4002 661 4077 bonum,
694 4012 729 4067 et
760 4008 779 4034 “
791 4003 974 4084 pretiosum
985 4001 1001 4026 ’¹
1030 4003 1243 4084 praedicatur
1271 4005 1314 4069 de

194 4116 275 4160 vero
287 4118 296 4175 ;
322 4115 399 4158 nam
418 4096 507 4159 aliud
531 4097 656 4160 bonurn
676 4096 882 4179 significatur
903 4117 963 4179 per
984 4096 1110 4178 lignum
1130 4118 1175 4160 ex
1194 4099 1313 4173 arbore

192 4189 300 4263 oleae,
314 4188 404 4251 aliud
419 4210 463 4253 ex
480 4190 599 4254 arbore
615 4190 715 4266 cedri,
730 4188 819 4264 ficus,
833 4191 964 4265 abietis,
981 4191 1094 4273 populi
1110 4201 1144 4254 et
1161 4213 1311 4274 quercus.

193 4281 295 4364 Quod
314 4288 402 4345 “vas
418 4304 462 4345 ex
478 4305 555 4348 aere
571 4295 605 4348 et
621 4284 706 4348 ferro
714 4283 729 4309 ”
741 4284 907 4365 significet
924 4283 1144 4348 scientificum
1161 4294 1205 4348 ex
1222 4287 1313 4352 bono

192 4388 226 4441 et
245 4398 329 4441 vero
348 4377 501 4451 naturali,
522 4388 574 4441 est
592 4380 668 4460 quia
686 4380 799 4441 omnia
818 4378 968 4453 metalla,
988 4388 1024 4441 ut
1043 4400 1169 4452 aurum,
1189 4400 1311 4461 argen-

191 4479 274 4545 tum,
295 4490 364 4545 aes,
384 4470 515 4547 serrum,
535 4482 704 4546 stannum,
723 4472 906 4555 plumbum,
925 4473 959 4537 in
979 4471 1096 4536 Verbo
1118 4472 1311 4554 significant

191 4564 281 4633 bona
301 4574 336 4629 et
357 4585 456 4642 vera3
479 4564 674 4647 significant
689 4568 766 4649 quia
789 4567 1065 4648 correspondent,
1082 4576 1117 4631 et
1136 4568 1213 4650 quia
1235 4590 1309 4633 cor·

191 4658 400 4741 respondent
429 4660 531 4723 etiarn
559 4661 593 4723 in
623 4658 727 4725 Caelo
756 4670 860 4741 sunt;
897 4672 975 4726 sunt
1004 4662 1093 4725 enim
1123 4664 1236 4725 omnia
1264 4663 1310 4727 ibi
