3384 5400
393 682 456 748 826
710 696 961 750 moeremus
984 695 1195 747 usvenans.

452 879 548 949 917.
577 866 642 929 ‘fr
654 866 761 948 platea
774 865 860 929 aelle
874 883 983 927 aueum
999 883 1110 946 penem
1124 868 1267 945 unquam
1290 862 1397 925 viteam
1414 862 1514 943 palla·

393 954 528 1029 ecdumf'
539 954 707 1037 significat
718 955 809 1038 quad
818 976 912 1017 omne
920 975 1034 1017 verum
1045 952 1214 1017 Ecclesiae
1226 952 1324 1017 illius
1337 962 1371 1015 el
1384 952 1510 1015 dallei-

392 1068 455 1111 nae
473 1049 543 1131 φιτ
565 1048 612 1111 sit
632 1048 667 1111 in
680 1048 801 1127 forma
819 1046 936 1109 bonum
954 1045 1081 1109 amoris
1102 1044 1242 1127 influens
1264 1066 1331 1109 una
1351 1065 1425 1109 cunc
1446 1044 1513 1109 luce

391 1162 410 1203 e
429 1140 528 1207 Caelo
544 1164 567 1205 a
584 1140 876 1205 Domina-Haec
895 1139 1017 1204 similia
1031 1148 1109 1202 sunt
1129 1158 1205 1203 cum
1223 1138 1289 1203 illis
1306 1160 1393 1222 quae
1412 1158 1512 1221 supra

394 1234 494 1317 (vers.
509 1237 561 1317 18)
573 1237 616 1301 de
627 1238 700 1319 ipsa
712 1236 793 1301 urbe
804 1236 972 1310 dicuntur,
986 1234 1076 1317 quod
1089 1232 1148 1298 illa
1159 1242 1250 1299 esset
1263 1253 1379 1297 aurum
1392 1254 1511 1315 purum

392 1331 501 1395 simile
516 1322 604 1395 litto
623 1352 725 1414 puro;
748 1351 808 1413 per
825 1350 922 1413 quae,
941 1328 1031 1412 quod
1050 1327 1257 1411 significetur
1274 1328 1363 1411 quod
1383 1324 1511 1392 omnem

393 1424 570 1490 Ecclesiae
587 1426 675 1489 illius
695 1426 740 1489 sit
763 1426 890 1488 bonum
913 1424 1036 1487 amoris
1054 1422 1195 1487 influens
1214 1442 1375 1487 unacum
1394 1421 1470 1485 luce
1492 1442 1511 1484 e

393 1518 499 1584 Caelo
512 1541 533 1583 a
552 1520 710 1594 Domino,
726 1518 882 1583 videatur
897 1537 929 1580 n.
945 1533 1017 1598 912,
1034 1534 1106 1597 913,
1124 1537 1200 1581 cum
1217 1516 1405 1580 differentia
1420 1516 1510 1599 quod

381 1603 446 1677 ¹hic
473 1613 605 1677 dicatur
628 1613 718 1697 quod
744 1613 860 1696 platea
884 1612 974 1676 urbis
1000 1610 1078 1675 talis
1104 1612 1159 1686 sit,
1183 1621 1219 1675 et
1245 1632 1304 1694 per
1328 1610 1510 1693 “plateam

393 1708 505 1771 urbis”
516 1708 724 1791 significatur
734 1728 851 1772 verum
864 1704 1037 1771 doetrinae
1050 1705 1226 1770 Ecclesiae
1241 1704 1288 1789 (n.
1302 1705 1379 1788 501)
1392 1726 1399 1769 :
1419 1704 1509 1789 quod

393 1822 494 1867 omne
518 1822 634 1866 verum
661 1801 835 1867 doctrinae
862 1800 1039 1865 Ecclesiae
1065 1820 1110 1865 ex
1133 1800 1250 1865 Verbo
1275 1801 1377 1865 sitin
1403 1800 1510 1864 forma

392 1898 518 1962 bonum
537 1899 672 1973 amoris,
691 1897 847 1961 videatur
864 1916 965 1979 supra
985 1892 1031 1979 (n.
1050 1894 1123 1977 906,
1139 1895 1228 1978 908).

452 2000 550 2081 918.
577 2012 662 2078 [Vm.
675 2010 731 2075 aa]
757 1998 822 2061 “fe
842 2000 983 2080 templum
1004 2016 1063 2061 non
1085 1996 1144 2061 rili
1160 1998 1191 2061 in
1210 2018 1260 2070 aa,
1280 1998 1351 2080 qaia
1369 1997 1510 2062 laminas

392 2090 475 2152 leae
491 2090 681 2171 omnpotens
701 2090 848 2171 Tandem
868 2089 936 2172 ejas
956 2093 1008 2152 asi
1025 2093 1059 2151 et
1074 2088 1213 2170 lynesl'
1234 2088 1402 2171 significat
1424 2088 1514 2171 quad

391 2182 427 2245 in
444 2182 507 2245 lcac
522 2182 672 2246 Ecclesia
689 2202 752 2244 non
769 2182 908 2265 aliqm
920 2190 1093 2245 externum
1110 2190 1305 2262 separatum
1321 2180 1364 2244 ab
1382 2181 1509 2243 interno

391 2277 467 2353 erit,
487 2278 567 2360 quia
584 2278 663 2358 lpse
678 2277 842 2341 Dominus
865 2276 899 2339 in
920 2275 1044 2339 Dcin'no
1061 2274 1217 2339 Humano
1232 2274 1308 2351 Suo,
1328 2298 1350 2339 a
1369 2274 1440 2353 Quo
1460 2284 1511 2339 est

391 2392 484 2435 omne
514 2371 689 2447 Ecclesiae,
724 2370 822 2436 Salus
855 2371 980 2445 adincr,
1014 2369 1132 2433 colitur
1164 2380 1198 2434 et
1230 2370 1509 2435 adoratum—Per

394 2467 588 2549 “templum
609 2487 677 2531 non
700 2467 767 2530 vidi
790 2468 823 2530 in
846 2466 916 2539 ea‚'’
935 2485 1003 2528 non
1022 2464 1223 2547 intelligitur
1240 2466 1330 2548 quod
1352 2466 1387 2530 in
1411 2465 1509 2529 Nova

392 2560 558 2635 Ecclesia,
579 2570 737 2643 quaeest
760 2560 860 2641 Nova
881 2559 1130 2641 Hierosolyma,
1151 2580 1219 2624 non
1238 2570 1336 2624 erunt
1359 2560 1507 2643 templa;

392 2655 452 2718 sed
470 2655 561 2738 quod
584 2656 617 2719 in
635 2654 694 2719 illa
713 2674 781 2720 non
799 2656 864 2720 erit
882 2664 1064 2720 externum
1083 2664 1276 2737 separatum
1292 2654 1336 2719 ab
1354 2656 1507 2734 interno;

392 2768 492 2812 causa
510 2759 574 2824 est,
592 2752 669 2833 quia
688 2771 747 2833 per
766 2749 961 2832 “templum
969 2749 984 2774 '’
999 2749 1208 2832 significatur
1224 2749 1381 2814 Ecclesia
1396 2751 1508 2834 quoad

392 2843 531 2919 cultum,
548 2855 585 2907 et
603 2846 637 2908 in
655 2865 800 2928 superno
815 2865 917 2908 sensu
936 2844 1013 2927 lpse
1033 2845 1199 2908 Dominus
1217 2845 1329 2928 quoad
1349 2845 1508 2910 Divinum

393 2936 599 3012 Humanum,
621 2936 687 3020 Qui
709 2938 873 3003 colendus
895 2949 959 3014 est,
979 2939 1132 3002 videatur
1152 2959 1252 3022 supra
1276 2936 1323 3020 (n.
1346 2955 1415 3020 191,
1438 2956 1507 3021 529,

394 3031 489 3113 585);
512 3041 549 3095 et
567 3034 644 3114 quia
662 3051 763 3096 omne
782 3032 959 3097 Ecclesiae
977 3042 1030 3096 est
1053 3053 1074 3096 a
1096 3033 1254 3109 Domino,
1275 3033 1352 3097 ideo
1375 3033 1506 3109 dicitur,

394 3127 499 3207 “quia
522 3125 688 3189 Dominus
716 3126 808 3190 Deus
834 3125 1062 3210 Omnipotens
1088 3125 1269 3208 Templum
1296 3125 1366 3208 ejus
1393 3138 1507 3193 estet

391 3219 543 3302 Agnus,”
559 3242 619 3302 per
636 3241 721 3304 quae
739 3220 947 3303 significatur
965 3221 1131 3285 Dominus
1149 3223 1183 3284 in
1203 3221 1327 3285 Divino
1346 3221 1508 3288 Humano

390 3312 481 3392 Su03
514 3335 574 3397 per
598 3315 810 3379 “Dominum
839 3315 948 3380 Deum
976 3314 1281 3397 Omnipotentem”
1306 3315 1509 3399 intelligitur

391 3406 556 3472 Dominus
578 3409 622 3472 ab
644 3419 795 3484 aetern0,
816 3407 883 3490 Qui
905 3419 958 3473 est
982 3409 1059 3491 Ipse
1080 3409 1244 3490 Jehovah,
1264 3418 1300 3473 et
1322 3430 1383 3492 per
1402 3410 1507 3494 “Ag-

388 3503 493 3565 num”
518 3501 726 3585 significatur
753 3503 912 3566 Divinum
940 3503 1136 3567 Humanum
1163 3503 1282 3586 Ipsius,
1310 3513 1348 3569 ut
1374 3507 1507 3588 saepius

389 3616 498 3678 supra.

448 3683 549 3780 91¹9.
569 3709 653 3776 [Vm¹
667 3709 723 3775 η]
742 3698 808 3762 “fr
826 3699 900 3762 uela
913 3718 973 3776 nan
987 3717 1061 3781 opas
1074 3699 1168 3764 lutat
1182 3700 1248 3764 sale
1269 3705 1303 3764 et
1320 3701 1393 3763 luna
1407 3707 1443 3764 el
1460 3703 1507 3764 lu·

389 3792 484 3850 ceant
500 3788 532 3850 in
550 3807 601 3859 ea,
617 3787 687 3869 quia
702 3787 803 3851 Gloria
824 3788 883 3851 llei
898 3788 1064 3852 illustrauit
1075 3809 1154 3864 eum,
1170 3794 1203 3853 et
1215 3791 1354 3854 lucerna
1367 3791 1436 3873 ejus
1448 3791 1507 3874 la·

388 3877 483 3950 nua,''
501 3876 669 3958 significat
690 3877 782 3959 quod
797 3876 948 3942 homines
970 3879 1066 3943 illius
1080 3879 1250 3944 Ecclesiae
1268 3900 1332 3944 non
1350 3891 1450 3945 erunt
1468 3883 1505 3945 in

387 3989 501 4032 amare
516 3969 573 4032 sui
586 3977 619 4031 et
640 3969 675 4032 in
688 3969 834 4050 propria
852 3970 1080 4052 intelligentia,
1099 3981 1132 4035 et
1152 3971 1230 4036 inde
1247 3971 1281 4035 in
1299 3971 1422 4036 lumine
1438 3973 1506 4036 salo

387 4063 546 4132 naturali.
566 4063 629 4126 sea'
646 4084 689 4126 en
705 4063 830 4126 Divino
857 4063 940 4128 Vera
966 4063 1069 4128 Verbi
1086 4088 1109 4129 a
1131 4065 1207 4130 Sola
1224 4067 1364 4130 Domina
1386 4067 1421 4130 in
1440 4067 1508 4132 lnce

387 4157 677 4237 spirituali-Per
705 4157 842 4222 “solem
851 4159 867 4184 ”
895 4160 949 4224 hic
980 4159 1188 4242 significatur
1217 4183 1313 4226 amor
1342 4162 1505 4226 naturalis

386 4260 561 4333 separatus
577 4252 621 4314 ab
636 4272 752 4315 amore
767 4253 940 4334 spirituali,
955 4257 1010 4338 qui
1026 4265 1078 4318 est
1094 4275 1189 4318 amor
1204 4258 1273 4334 sui;
1295 4266 1331 4320 et
1347 4277 1408 4339 per
1425 4263 1445 4290 ‘⁴
1455 4256 1503 4321 lu-

387 4364 465 4408 nam
473 4345 488 4368 ”
500 4345 708 4427 significatur
720 4345 959 4429 intelligentia,
972 4358 1044 4413 tum
1061 4347 1143 4414 fides
1160 4351 1332 4425 naturalis,
1346 4363 1503 4434 separata

385 4438 429 4500 ab
451 4438 679 4520 intelligentia
702 4450 738 4503 et
760 4439 826 4504 fide
844 4441 1018 4524 spirituali,
1039 4463 1125 4526 quae
1147 4454 1200 4508 est
1224 4445 1357 4527 propria
1377 4447 1502 4510 intelli-

384 4533 502 4612 gentia
517 4541 552 4595 et
568 4533 651 4596 fides
667 4554 687 4597 a
705 4555 761 4613 se;
784 4535 838 4598 hic
856 4555 951 4600 amor
966 4546 1001 4600 et
1021 4537 1104 4601 haec
1122 4537 1350 4620 intelligentia
1369 4549 1405 4604 et
1422 4539 1502 4604 fides

383 4622 615 4706 significantur
637 4627 691 4692 hic
715 4649 774 4712 per
798 4629 934 4694 “solem
958 4640 994 4696 et
1017 4630 1163 4710 lunam,”
1184 4633 1303 4717 quibus
1326 4653 1396 4699 non
1419 4655 1501 4720 opus
