3384 5400
541 694 620 747 cau.
637 694 846 760 xx1.,vens.
864 695 971 763 3.-u.
987 682 1058 746 882.
1296 697 1357 765 795

241 875 378 949 propter
410 863 504 929 illum
533 862 644 928 finem.
689 862 790 946 Quod
820 885 881 948 per
911 863 1122 928 ‘'Maritum''
1149 862 1360 946 intelligatur

242 961 417 1037 Dominus,
436 968 533 1042 patet
555 980 575 1022 a
597 979 682 1021 vers.
701 977 723 1041 9
744 970 779 1024 et
806 957 870 1022 10⁰¹
888 958 983 1040 hujus
1006 960 1137 1041 capitis,
1157 959 1211 1020 ubi
1236 958 1358 1021 Hiero-

240 1053 372 1135 solyma
386 1062 528 1117 vocatur
541 1051 712 1134 ‘'Sponsa,
729 1052 829 1117 Uxor
845 1052 966 1135 Agni.”
1011 1052 1111 1134 Quod
1128 1052 1292 1116 Dominus
1308 1054 1359 1114 di-

240 1160 337 1212 catur
359 1146 562 1229 “Sponsus'’
584 1156 619 1210 et
643 1146 843 1222 “Maritus'’
866 1158 901 1212 et
931 1146 1087 1210 Ecclesia
1110 1145 1294 1229 “Sponsa”
1323 1156 1359 1210 et

241 1242 400 1317 “Uxor,”
417 1252 453 1305 et
472 1240 562 1324 quod
580 1240 772 1322 conjugium
792 1240 874 1304 illud
897 1243 939 1304 sit
963 1242 1049 1304 sicut
1069 1240 1259 1323 conjugium
1278 1240 1358 1303 boni

240 1349 276 1402 et
300 1338 380 1411 veri,
399 1346 434 1401 et
457 1336 517 1399 fiat
539 1356 599 1419 per
620 1334 783 1411 Verbum,
803 1336 957 1399 videatur
979 1324 1078 1417 supr'a
1102 1333 1149 1417 (n.
1168 1334 1257 1418 797).
1302 1334 1359 1397 Ex

238 1433 292 1495 his
315 1440 473 1495 constare
495 1439 621 1513 potest,
645 1430 735 1512 quod
758 1450 817 1513 per
840 1428 1110 1511 “Hierosolyma
1132 1440 1251 1511 parata
1273 1431 1359 1492 sicut

240 1524 373 1608 Sponsa
392 1523 541 1589 Marito”
555 1523 761 1606 significetur
779 1523 934 1587 Ecclesia
952 1523 1010 1587 illa
1027 1543 1087 1606 per
1105 1523 1257 1587 Verbum
1276 1543 1358 1588 con·

236 1617 354 1703 juncta
372 1618 530 1682 Domino.

300 1722 398 1788 882.
424 1731 513 1800 [Vm.
526 1730 564 1797 3-]
590 1727 609 1758 ¹¹
619 1721 658 1783 fr
670 1718 772 1783 audivi
784 1738 886 1783 rocem
899 1739 1040 1803 magnam
1061 1739 1079 1783 ο
1092 1719 1185 1785 caelu
1198 1720 1359 1794 dicentem,
1390 1786 1394 1795 ,

241 1813 323 1875 foce
347 1810 588 1875 Tutornuoulum
609 1810 667 1873 un·
683 1830 752 1873 oum
772 1809 975 1883 hominibus,''
989 1808 1156 1892 significat
1178 1811 1360 1874 Dominum

239 1926 283 1968 ex
303 1925 415 1968 amore
438 1902 618 1985 loquentem
637 1912 670 1965 et
693 1901 983 1983 evangelizantem,
1006 1902 1095 1985 quod
1115 1902 1194 1984 Ipse
1217 1923 1300 1966 nunc
1324 1904 1360 1966 in

239 1999 365 2062 Divino
381 1997 536 2060 Humano
555 1995 622 2060 Suo
643 1996 737 2077 apud
755 1995 901 2059 homines
919 2005 1081 2077 praesens
1094 1996 1238 2077 ferturus
1260 1996 1356 2061 sit.-

242 2094 309 2157 Hic
341 2090 541 2156 est'Sensus
564 2089 696 2153 illorum
719 2091 896 2154 verborum
920 2088 1085 2154 caelestis.
1130 2090 1259 2173 Angeli
1281 2111 1358 2155 cae-

241 2187 436 2271 lestes-qui
464 2195 543 2249 sunt
566 2184 678 2266 angeli
708 2185 799 2248 tertii
822 2183 927 2260 Caeli,
951 2204 1020 2248 non
1042 2185 1140 2249 aliter
1162 2185 1359 2268 intelligunt

240 2282 317 2359 illa;
340 2301 420 2343 nam
438 2300 497 2363 per
517 2279 659 2343 “audire
676 2298 796 2343 vocem
816 2298 976 2361 magnam
995 2300 1014 2345 e
1034 2278 1139 2344 Caelo
1158 2280 1359 2355 dicentem,”

240 2378 285 2441 ab
302 2376 367 2438 illis
386 2374 585 2455 intelligitur
604 2372 769 2436 Dominus
787 2394 832 2436 ex
853 2393 967 2436 amore
986 2372 1128 2456 loquens
1151 2384 1186 2437 et
1200 2394 1358 2457 evange·

240 2471 356 2546 lizans,
380 2470 457 2553 quia
486 2488 505 2531 e
535 2465 640 2531 Caelo
669 2486 738 2529 non
766 2466 851 2530 alius
881 2466 1027 2550 loquitur
1049 2488 1149 2550 quarn
1174 2468 1358 2547 Dominus;

239 2566 400 2649 quoniam
423 2562 563 2627 Caelum
583 2581 651 2625 non
673 2572 726 2625 est
750 2560 890 2625 Caelum
913 2582 958 2625 ex
984 2564 1126 2644 propriis
1149 2562 1358 2644 angelorum,

239 2661 340 2725 seda
364 2658 487 2722 Divino
510 2656 657 2732 Domini,
676 2655 768 2737 cujus
790 2657 990 2738 recipientes
1008 2666 1107 2735 sunt;
1131 2676 1190 2740 per
1209 2662 1358 2722 “vocem

239 2773 402 2836 magnam
410 2751 426 2778 '⁸
443 2751 645 2832 intelligitur
662 2751 797 2834 loquela
818 2771 864 2813 ex
887 2771 1012 2826 amore,
1035 2757 1054 2784 ‘⁸
1068 2771 1228 2834 magnum
1236 2752 1251 2778 ’'
1269 2755 1359 2816 enim

241 2848 455 2932 praedicatur
476 2846 519 2910 de
541 2865 656 2908 amore
681 2843 727 2927 (n.
746 2845 820 2925 656,
838 2844 938 2928 663);
964 2865 1023 2928 per
1042 2845 1164 2909 “Ecce
1186 2847 1360 2910 Taberna-

240 2943 354 3009 culum
377 2941 441 3004 Dei
463 2959 538 3004 cum
562 2939 781 3015 hominibus,”
804 2939 1004 3022 intelligitur
1026 2959 1115 3003 nunc
1139 2939 1303 3004 Dominus
1326 2945 1358 3005 in

242 3039 367 3102 Divino
387 3035 547 3098 Humano
570 3033 638 3097 Suo
660 3052 840 3116 praesens;
871 3055 931 3118 per
951 3034 1249 3098 “Tabernaculum
1273 3035 1337 3100 Dei
1346 3037 1360 3060 '⁹

240 3131 442 3211 intelligitur
454 3128 608 3192 Ecclesia
618 3127 786 3202 caelestis,
797 3137 832 3192 et
844 3129 878 3190 in
892 3127 1068 3192 universali
1081 3127 1188 3192 Sensu
1202 3129 1359 3211 Regnum

242 3225 391 3289 caeleste
410 3223 556 3296 Domini,
576 3223 662 3285 etin
682 3242 840 3304 supremo
859 3221 965 3285 Sensu
985 3221 1143 3285 Divinum
1165 3222 1357 3287 Humanum

242 3321 349 3403 Ipsius
366 3317 535 3401 (videatur
547 3337 656 3398 supra,
670 3336 702 3379 n.
717 3315 803 3398 585).
849 3314 950 3397 Quod
965 3335 1025 3400 per
1038 3316 1361 3382 “Tabernaculum''

241 3415 275 3478 in
290 3433 447 3495 supremo
465 3411 573 3476 Sensu
592 3409 802 3492 intelligatur
818 3411 975 3474 Divinum
996 3409 1191 3475 Humanum
1212 3412 1358 3487 Domini,

241 3519 293 3571 est
309 3509 387 3590 quia
400 3527 460 3589 per
476 3505 685 3588 “Templum
694 3504 709 3529 '⁹
724 3504 806 3569 illud
821 3503 1028 3588 significatur

291 3659 340 3723 (Ut
350 3670 474 3790 oonpispssre
491 3668 581 3724 potest
597 3675 631 3709 ex
645 3659 708 3725 Joh.
721 3659 749 3711 ll.
765 3656 822 3723 19l¹l
830 3673 877 3721 αις
895 3659 1098 3719 Malach.iii.1;
1117 3661 1192 3724 Apoc.
1204 3659 1256 3710 xxi,
1268 3671 1315 3718 m
1334 3673 1362 3710 et

244 3867 404 3932 Similiter
432 3889 492 3952 per
515 3867 843 3942 “Tabernaculum,”
866 3888 941 3931 cum
965 3867 1153 3933 differentia
1179 3872 1270 3953 quod
1300 3891 1360 3954 per

245 3961 453 4044 “Templum
461 3962 477 3987 '’
489 3961 700 4044 intelligatur
713 3961 870 4025 Divinum
886 3961 1080 4026 Humanum
1098 3963 1233 4044 Domini
1249 3968 1360 4048 quoad

244 4056 403 4119 Divinum
421 4055 559 4129 Verum,
579 4077 638 4120 seu
658 4055 815 4119 Divinam
835 4055 1054 4138 Sapientiam,
1075 4068 1109 4121 et
1129 4079 1187 4140 per
1206 4059 1361 4124 “Taber-

244 4150 422 4213 naculum”
444 4149 654 4232 intelligatur
678 4151 836 4214 Divinum
861 4151 1057 4215 Humanum
1082 4153 1218 4216 Domini
1248 4157 1359 4237 quoad

244 4244 402 4306 Divinum
414 4243 545 4308 Bonum
558 4265 617 4308 seu
629 4245 787 4308 Divinum
799 4244 974 4309 Amorem.
1006 4245 1089 4310 lnde
1102 4249 1260 4330 sequitur,
1271 4250 1360 4331 quod

244 4357 304 4420 per
320 4337 440 4402 “Ecce
455 4339 724 4402 Tabernaculum
744 4339 809 4403 Dei
827 4360 903 4403 cum
923 4341 1136 4404 hominibus”
1152 4341 1362 4424 intelligatur

244 4432 334 4514 quod
354 4432 518 4496 Dominus
533 4453 621 4497 nunc
640 4435 674 4498 in
693 4434 817 4498 Divino
837 4435 997 4500 Humano
1016 4434 1084 4500 Suo
1100 4435 1189 4519 apud
1208 4437 1361 4501 homines

245 4544 403 4609 praesens
420 4526 547 4591 iuturus
565 4530 619 4593 sit.
