3384 5400
501 688 581 739 car.
598 688 672 751 xx„
688 688 790 739 vans.
811 690 938 739 12.-N.
955 676 1026 741 868.
1285 690 1343 757 771

229 865 317 933 sunt,
334 867 498 940 apparent
517 858 550 921 in
566 858 664 921 simili
682 858 789 921 forma
804 859 969 935 homines,
987 860 1072 922 sicut
1092 859 1147 941 qui
1166 859 1200 923 in
1219 861 1347 923 mundo

229 953 369 1017 naturali
388 962 467 1015 sunt
486 974 601 1017 coram
619 953 724 1017 oculis
743 974 858 1017 eorum
878 956 932 1037 qui
952 952 1123 1017 naturales
1142 964 1232 1018 sunt.

286 1054 385 1137 867.
413 1062 432 1091 ⁰
442 1055 467 1117 Ε
466 1061 480 1117 i
499 1053 571 1117 titre·
581 1056 685 1136 aporii
694 1062 776 1128 suni,
791 1060 825 1118 ei
836 1054 924 1118 liter
937 1055 1017 1118 aliur
1031 1062 1159 1136 apertur
1172 1056 1289 1138 estqui
1299 1062 1350 1119 eri

229 1145 342 1216 ritao‚''
356 1143 525 1225 significat
540 1147 631 1226 quod
648 1146 816 1209 interiora
830 1147 953 1209 mentis
967 1146 1116 1208 omnium
1134 1145 1272 1209 illorum
1293 1168 1347 1209 re-

226 1237 318 1300 clusa
340 1237 419 1311 sint,
441 1246 474 1299 et
498 1247 563 1318 per
583 1237 746 1321 influxum
768 1238 850 1301 lucz's
872 1247 904 1300 et
925 1237 1045 1301 calon's
1067 1259 1085 1300 e
1109 1236 1207 1302 Caelo
1229 1236 1299 1301 vr'si
1317 1248 1349 1299 et

222 1331 374 1412 percepti
399 1331 514 1414 quales
535 1342 644 1395 essent
665 1334 777 1415 quoad
801 1331 992 1416 affeliiones
1021 1352 1106 1414 quae
1134 1332 1259 1395 amores
1288 1352 1345 1395 seu

225 1426 417 1501 voluntatis,
436 1436 468 1489 et
489 1426 565 1489 inde
582 1429 694 1509 quoad
707 1426 918 1509 cogitationes
936 1448 1019 1509 quae
1027 1426 1116 1509 fidei
1131 1448 1187 1489 seu
1205 1426 1346 1490 cintellec·

226 1531 292 1595 tus,
316 1531 386 1585 tam
407 1522 493 1585 mali
511 1543 611 1604 quam
633 1522 824 1585 bona—Per
843 1522 1001 1586 “libros”
1020 1542 1087 1585 non
1112 1521 1347 1602 intelliguntur

227 1616 311 1689 iibri,
342 1617 402 1680 sed
436 1617 594 1680 interiora
627 1618 751 1680 mentis
785 1617 918 1680 illorum
952 1618 1007 1699 qui
1037 1615 1252 1697 judicantur;
1287 1635 1346 1696 per

227 1710 359 1774 “libros
367 1710 381 1735 ”
400 1711 559 1773 interiora
577 1713 701 1774 mentis
719 1710 851 1775 illorum
871 1712 925 1794 qui
945 1710 1025 1774 mali
1043 1722 1120 1774 sunt
1140 1721 1175 1773 et
1194 1709 1347 1791 judican-

226 1816 281 1867 tur
303 1806 346 1867 ad
370 1814 525 1879 mortem,
549 1815 584 1868 et
615 1826 674 1888 per
698 1804 865 1868 “Librum
890 1806 1004 1869 vitae”
1028 1807 1082 1888 qui
1107 1806 1185 1868 boni
1209 1814 1287 1867 sunt
1311 1816 1346 1867 et

223 1898 415 1980 judicantur
444 1900 486 1962 ad
517 1901 632 1963 vitam.
678 1898 844 1964 Dicuntur
872 1899 1003 1975 “libri''
1029 1901 1106 1981 quia
1135 1898 1348 1963 interioribus

228 1995 353 2057 mentis
371 1993 513 2075 cujusvis
535 1996 695 2076 inscripta
718 2005 796 2059 sunt
819 1996 932 2057 omnia
952 2014 1036 2076 quae
1056 1995 1195 2076 quisque
1218 2016 1263 2057 ex
1286 2015 1347 2058 vo·

227 2087 361 2151 luntate
376 2109 435 2151 seu
450 2109 575 2163 amore,
592 2100 628 2153 et
647 2091 724 2152 inde
741 2110 785 2152 ex
805 2086 981 2153 intellectu
997 2110 1055 2152 seu
1072 2087 1147 2162 fide,
1165 2090 1197 2151 in
1218 2089 1346 2152 mundo

228 2184 404 2264 cogitavit,
424 2184 581 2256 intendit,
602 2183 735 2247 locutus
758 2194 822 2259 est,
842 2193 878 2246 et
901 2184 999 2261 fecit3
1034 2183 1118 2245 haec
1137 2184 1251 2245 omnia
1269 2192 1347 2245 sunt

227 2280 319 2341 vitae
342 2277 484 2358 cujusvis
507 2279 677 2360 inscripta,
701 2280 749 2342 ita
778 2278 821 2341 ad
852 2280 1010 2341 amussim
1041 2287 1077 2340 ut
1109 2296 1243 2358 prorsus
1266 2277 1348 2340 nihil

228 2374 326 2436 desit.
373 2372 469 2436 Haec
493 2374 535 2435 ad
558 2374 670 2435 vivum
693 2382 858 2456 apparent
882 2372 992 2455 qualia
1015 2382 1104 2446 sunt,
1128 2372 1264 2454 quando
1288 2372 1347 2434 lux

229 2466 419 2549 spiritualis,
439 2488 525 2550 quae
544 2478 596 2531 est
615 2469 781 2550 sapientia
804 2488 824 2530 a
848 2468 1005 2542 Domino,
1026 2478 1060 2530 et
1080 2466 1172 2529 calor
1191 2468 1346 2549 spiritua·

228 2562 279 2636 lis,
295 2564 351 2644 qui
369 2574 422 2625 est
438 2582 532 2626 amor
547 2584 567 2624 a
586 2562 744 2636 Domino,
760 2583 820 2645 per
836 2561 975 2626 Caelum
992 2561 1152 2637 influunt;
1177 2562 1235 2624 lux
1252 2562 1347 2643 spiri·

229 2655 329 2722 tualis
352 2658 483 2739 detegit
507 2658 737 2739 cogitationes
758 2678 845 2740 quae
869 2668 947 2720 sunt
971 2654 1165 2720 inteliedtus
1191 2664 1226 2720 et
1257 2654 1346 2727 fidei.

229 2765 263 2817 et
281 2753 375 2816 calor
393 2752 573 2834 spiritualis
592 2753 724 2834 detegit
743 2749 938 2815 affectiones
957 2772 1043 2833 quae
1061 2760 1140 2814 sunt
1159 2751 1347 2814 voluntatis

229 2859 264 2912 et
283 2848 425 2925 amoris;
457 2868 496 2910 ac
517 2847 575 2909 lux
595 2847 775 2929 spiritualis
801 2857 836 2910 et
859 2846 956 2909 simul
977 2845 1069 2909 calor
1087 2846 1266 2928 spiritualis
1290 2847 1348 2908 de·

230 2953 350 3026 tegunt
367 2942 573 3005 intentiones
592 2953 627 3006 et
646 2952 808 3005 conatus:
832 2942 923 3024 quod
942 2942 990 3004 ita
1008 2943 1063 3016 sit,
1080 2961 1147 3003 non
1165 2942 1241 3003 dico
1257 2943 1347 3023 quod

229 3036 402 3101 rationalis
420 3037 524 3100 homo
542 3037 648 3118 possit
667 3056 712 3098 ex
732 3036 806 3099 luce
825 3033 1018 3100 intellectus
1038 3037 1087 3098 sui
1105 3035 1238 3112 videre;
1268 3055 1347 3099 nam

230 3142 344 3216 potest
364 3133 390 3194 si
408 3131 493 3203 vuit,
509 3132 613 3193 modo
631 3130 712 3194 velit
736 3130 928 3212 intelligere
947 3131 1037 3212 quod
1056 3131 1154 3192 detur
1173 3129 1232 3192 iux
1252 3132 1347 3211 spiri·

229 3227 330 3292 tualis
357 3246 442 3309 quae
469 3226 635 3288 illuminat
665 3222 887 3299 intellectum,
912 3235 946 3288 et
974 3224 1066 3288 calor
1088 3223 1269 3306 spiritualis
1292 3227 1347 3306 qui

229 3322 386 3386 accendit
405 3320 628 3383 voluntatem.

290 3423 392 3490 868.
420 3431 439 3459 ¹¹
447 3423 472 3485 Ε
471 3429 485 3486 i
489 3422 624 3506 judicati
635 3427 709 3485 aunt
719 3422 835 3484 monui
845 3441 887 3485 οι
898 3421 1023 3502 seraptis
1036 3421 1067 3483 in
1081 3421 1166 3484 libris
1181 3421 1348 3484 eorundum

230 3534 324 3597 opera
338 3512 492 3585 illorum,''
507 3511 673 3594 significat
689 3511 780 3594 quod
795 3533 906 3576 omnes
916 3513 1070 3594 judicari
1086 3513 1157 3574 sint
1171 3513 1347 3602 secundum

229 3608 335 3671 vitam
353 3625 448 3669 suam
466 3605 631 3667 internam
653 3604 688 3666 in
710 3605 975 3668 externis—Per
995 3609 1176 3667 “mortuos
1185 3603 1200 3628 ’'
1219 3603 1346 3686 signifi-

229 3712 350 3766 cantur
371 3700 564 3781 omnesqui
587 3720 606 3762 e
628 3701 726 3762 terris
745 3699 868 3762 mortui
887 3709 976 3773 sunt,
996 3709 1031 3761 et
1055 3709 1135 3761 tunc
1160 3699 1194 3760 in
1217 3697 1348 3761 Mundo

230 3797 404 3880 spirituum
426 3792 477 3875 (ut
501 3814 612 3875 supra,
631 3814 662 3856 n.
682 3793 779 3876 866):
811 3794 1036 3875 “exscriptis
1060 3794 1091 3855 in
1112 3791 1225 3856 iibris'’
1244 3793 1347 3874 signi-

229 3890 308 3954 ficat
329 3910 373 3953 ex
392 3889 605 3952 interioribus
624 3889 747 3950 mentis
768 3887 911 3970 cujusvis
930 3898 1010 3951 tunc
1030 3887 1167 3950 reclusis
1189 3885 1240 3968 (ut
1265 3907 1346 3950 mox

229 4005 340 4066 supra,
364 4002 395 4045 n.
420 3981 516 4064 867):
556 3982 769 4045 “secundum
792 4003 896 4065 opera
918 3982 1075 4045 illorum”
1099 3980 1267 4063 significat
1294 4003 1346 4044 se·

229 4079 376 4143 cundum
395 4078 500 4140 vitam
520 4076 662 4157 cujusvis
680 4077 848 4139 internam
867 4078 898 4138 in
918 4078 1090 4154 externis;
1120 4076 1210 4159 quod
1233 4076 1265 4137 id
1289 4096 1348 4158 per

231 4172 385 4255 “opera''
408 4173 441 4234 in
463 4171 581 4234 Verbo
603 4169 820 4253 significetur,
845 4171 999 4234 videatur
1025 4193 1124 4253 supra
1146 4172 1192 4251 (n.
1212 4167 1347 4250 729176,

229 4286 281 4350 94,
305 4283 374 4346 141,
393 4264 492 4349 641):
525 4267 644 4347 quibus
667 4265 821 4346 adjiciam
852 4265 947 4341 haec,
971 4267 1061 4348 quod
1092 4265 1215 4328 dentur
1245 4285 1348 4347 opera

230 4363 354 4426 mentis
370 4370 405 4424 et
422 4381 524 4443 opera
540 4362 699 4442 corporis,
713 4371 854 4442 utraque
870 4361 1002 4423 interna
1018 4371 1052 4423 et
1069 4359 1167 4423 simul
1183 4369 1347 4432 externa:

230 4476 331 4539 opera
348 4457 471 4518 mentis
486 4464 564 4517 sunt
584 4455 790 4518 intentiones
806 4465 840 4518 et
861 4464 1013 4528 conatus,
1031 4465 1065 4517 et
1082 4473 1184 4535 opera
1200 4456 1348 4535 corporis

231 4561 308 4613 sunt
326 4548 482 4631 loquelae
500 4558 536 4612 et
554 4546 669 4625 adius3
692 4550 776 4612 haec
795 4560 830 4614 et
854 4549 913 4613 illa
932 4549 1120 4632 procedunt
1138 4569 1182 4611 ex
1203 4548 1347 4611 hominis

231 4644 300 4708 vita
317 4645 462 4721 interna,
479 4663 564 4727 quae
582 4653 636 4706 est
655 4643 841 4707 voluntatis
861 4664 919 4707 seu
938 4644 1060 4707 amoris
1077 4641 1167 4726 ejus;
1190 4641 1347 4726 quicquid
