3384 5400
316 671 379 756 5⁶0

313 855 481 926 quicquam.
519 852 573 909 Est
592 868 712 923 prorsus
728 851 805 907 sicut
821 851 846 906 si

313 935 443 992 auferres
468 951 574 990 sonum
600 936 638 989 de
663 936 797 1006 loquela:
821 935 845 992 si

313 1017 429 1072 auferas
437 1032 552 1078 sonum,
560 1032 631 1069 num
643 1017 754 1086 poteris
765 1017 845 1088 loqui

312 1099 487 1169 quicquam:
512 1112 603 1152 sonus
624 1097 714 1150 etiam
736 1107 782 1152 est
803 1097 846 1151 ai-

313 1177 459 1240 leilionis,
478 1187 509 1232 et
533 1177 652 1247 loquela
670 1188 716 1232 est
733 1178 846 1248 eogita-

312 1259 412 1320 tionis,
421 1273 490 1312 nam
500 1255 619 1312 affectio
629 1259 846 1329 sonatetcogi·

312 1339 389 1394 tatio
413 1338 553 1409 loquitur.
592 1337 630 1392 Et
654 1351 700 1394 est
726 1355 845 1409 quoque

312 1421 390 1476 sicut
414 1419 534 1474 limma
553 1429 585 1473 et
609 1419 674 1474 lux:
698 1419 724 1475 si
747 1419 846 1475 aufers

313 1501 472 1562 flammam,
482 1515 581 1554 annon
592 1499 669 1570 perit
681 1501 746 1562 lux;
764 1501 846 1555 simi-

313 1584 339 1638 le
359 1591 405 1637 est
423 1597 491 1635 cum
511 1579 664 1642 charitate,
684 1582 754 1651 quia
773 1581 846 1636 haec

312 1660 493 1724 estanchia
503 1673 608 1717 etcum
618 1661 684 1724 fide,
693 1663 846 1732 quiahaec

312 1753 359 1799 est
376 1743 528 1814 cogitatio.
566 1741 674 1798 Nonne
699 1743 741 1798 sic
760 1753 846 1813 potes

312 1841 418 1894 capere
430 1825 512 1894 quod
526 1823 698 1895 primarium
707 1824 747 1878 sit
756 1839 846 1879 omne

313 1905 342 1958 in
362 1903 546 1967 secundario,
566 1919 686 1976 prorsus
705 1906 782 1960 sicut
801 1913 846 1958 est

312 2001 404 2041 sonus
418 1985 446 2039 in
460 1985 587 2055 loquela.
626 1984 669 2040 Ex
682 1985 790 2055 quibus
800 1983 846 2038 'vi-

312 2067 382 2121 dere
396 2076 489 2136 potes,
500 2067 581 2136 quod
595 2065 620 2120 si
634 2081 694 2120 non
704 2064 776 2120 lacis
787 2066 846 2136 pri-

313 2147 438 2200 marium
457 2146 487 2200 id
500 2147 581 2217 quod
601 2145 772 2216 primarium
791 2156 845 2207 est,

312 2244 372 2283 non
383 2227 423 2283 sis
437 2227 466 2280 in
480 2229 589 2290 altero;
607 2243 698 2298 quare
709 2227 733 2280 si
747 2225 845 2289 fidem,

312 2324 388 2378 quae
405 2317 451 2363 est
470 2308 499 2362 in
519 2307 651 2366 secundo
671 2307 745 2368 loeo,
760 2307 846 2377 ponis

313 2389 343 2443 in
356 2389 461 2460 primo,
475 2404 535 2443 non
549 2389 704 2459 apparebis
716 2389 804 2442 aliter
816 2389 845 2442 in

312 2469 403 2526 Caelo
416 2485 505 2541 quam
516 2469 593 2523 sicut
602 2469 736 2524 inversus
745 2468 845 2530 homo,

312 2549 397 2620 cujus
428 2550 519 2620 pedes
550 2559 632 2604 stant
663 2565 780 2604 sursum
812 2563 846 2603 ac

312 2642 401 2703 caput
423 2630 572 2692 deorsum,
594 2639 647 2684 aut
668 2629 746 2684 sicut
769 2629 846 2684 hari-

312 2714 379 2768 olus
402 2711 454 2782 qui
487 2712 605 2765 inverso
635 2727 759 2781 corpore
784 2726 846 2765 am-

313 2794 395 2847 bulat
428 2808 517 2861 super
551 2791 656 2861 palmis
695 2808 846 2846 manuum.

313 2872 414 2945 Quum
433 2873 508 2927 tales
527 2872 675 2942 apparetis
696 2872 726 2925 in
746 2871 845 2935 Caelo,

312 2954 411 3024 qualia
422 2964 495 3008 tunc
508 2962 578 3007 sunt
590 2963 691 3006 vestra
703 2953 783 3006 bona
792 2968 848 3022 op-

312 3050 370 3096 era,
383 3050 459 3104 quae
472 3043 542 3088 sunt
555 3033 692 3096 charitas,
704 3033 759 3087 nisi
774 3048 846 3103 qua·

313 3116 352 3169 lia
359 3113 491 3169 ladlurus
499 3124 577 3169 esset
586 3114 717 3169 hariolus
726 3113 775 3168 ille
786 3114 846 3169 suis

313 3195 447 3266 pedibus,
465 3194 536 3266 quia
553 3210 614 3249 non
634 3206 733 3265 potest
753 3196 846 3249 mani-

312 3278 376 3331 bus.
415 3274 488 3330 lnde
498 3276 633 3346 estquod
643 3276 847 3330 charitasves·

312 3369 366 3418 tra,
379 3367 414 3412 ut
430 3372 550 3428 quoque
563 3356 687 3419 vidistis,
702 3368 748 3412 est
761 3368 848 3411 natu-

313 3438 382 3492 ralis
400 3448 432 3491 et
451 3453 511 3492 non
530 3436 699 3507 spiritualis,
713 3438 783 3509 quia
802 3449 848 3493 est

314 3516 456 3573 inversa.”

351 3597 527 3653 Emissarius
541 3598 686 3653 intellexit
700 3598 764 3659 hoc,
779 3614 846 3653 nam

314 3679 412 3733 omnis
422 3678 566 3733 Diabolus
574 3690 674 3749 potest
683 3679 848 3750 intelligere

314 3776 417 3814 verum
433 3775 501 3814 cum
518 3760 590 3813 illud
603 3760 701 3822 audit:
720 3761 846 3814 sednon

315 3838 847 3911 potestretinerequiaalietliomali,

314 3936 382 3975 cum
411 3920 495 3984 redit,
524 3921 606 3992 ejicit
634 3920 846 3991 cogitationem

314 4001 384 4055 veri.
652 4048 655 4054 .

351 4080 389 4135 Et
397 4082 849 4152 posteasapiensurbisdescrip-

315 4161 354 4217 sit
364 4162 473 4225 multis,
482 4162 578 4233 qualis
589 4172 635 4217 est
644 4161 718 4217 fides
728 4164 850 4232 quando

314 4253 469 4312 acceptata
481 4254 527 4297 est
540 4259 595 4313 pro
608 4242 757 4312 primario,
767 4244 849 4313 quod

315 4324 355 4378 sit
379 4339 459 4379 mere
485 4324 636 4385 naturalis,
655 4334 685 4378 et
710 4325 790 4393 quod
811 4324 851 4378 sit

316 4420 397 4458 mera
422 4404 546 4458 scientia
571 4404 683 4473 absque
707 4405 768 4457 ulla
788 4405 851 4457 vita

316 4484 849 4555 spirituali,consequenterquodnon

316 4564 355 4618 sit
374 4564 462 4619 fides:
481 4564 614 4619 “Vestra
630 4566 708 4619 enim
723 4566 851 4619 charitas

317 4660 377 4699 non
386 4656 431 4699 est
440 4644 495 4700 nisi
504 4662 594 4717 quam
602 4645 721 4701 affet'tio
732 4657 850 4701 natura·

636 685 883 738 APOCALYPSIS
904 685 1116 736 REVELATA.

899 852 942 913 lis.
956 861 988 906 et
1005 868 1042 906 ex
1060 850 1218 907 allectione
1232 853 1358 908 naturali
1372 869 1432 908 non

900 934 1035 1003 procedit
1047 933 1105 988 alia
1120 933 1266 1004 cogitatio
1278 950 1368 1004 quam
1382 951 1435 988 ua·

899 1015 1011 1076 taralis.
1025 1030 1101 1085 quae
1120 1023 1167 1068 est
1178 1025 1278 1068 vestra
1291 1014 1381 1070 tides:
1398 1031 1434 1070 ac

899 1110 993 1164 paene
1018 1095 1115 1149 dicere
1141 1111 1272 1164 pomum,
1296 1096 1379 1165 quod
1402 1095 1432 1147 in

899 1175 959 1229 lide
972 1190 1052 1229 mere
1065 1175 1201 1236 naturali,
1214 1175 1265 1229 vix
1276 1176 1357 1230 aliud
1373 1176 1433 1245 spi·

899 1255 1005 1309 rituale
1026 1256 1066 1309 sit
1084 1270 1173 1325 quam
1196 1255 1227 1308 in
1248 1256 1375 1310 scientia
1395 1256 1434 1309 de

900 1335 1006 1406 Regno
1026 1334 1164 1406 Mogolis,
1178 1336 1216 1390 de
1231 1335 1347 1390 Fodina
1362 1335 1434 1389 ada·

898 1415 1032 1475 mantina
1050 1415 1099 1477 ibi,
1119 1416 1217 1487 deque
1239 1414 1432 1485 imperatoris

898 1497 963 1566 ejus
975 1496 1130 1551 Thesauro
1141 1507 1173 1550 et
1187 1497 1291 1551 Aula”

935 1575 992 1632 His
1008 1577 1127 1638 auditis,
1142 1577 1326 1632 Draconicus
1339 1577 1433 1632 iratus

898 1658 999 1720 abivit,
1017 1670 1049 1712 et
1067 1659 1250 1712 renuntiavit
1268 1659 1331 1712 suis
1348 1669 1434 1712 extra

899 1739 1011 1792 urbem.
1038 1739 1152 1793 Etcum
1161 1739 1340 1792 audiverunt
1349 1739 1432 1808 quod

898 1817 1012 1873 ditium
1030 1821 1070 1874 sit
1088 1820 1170 1890 quod
1189 1820 1318 1874 charitas
1336 1820 1377 1874 sit
1388 1819 1434 1873 al-

898 1897 990 1954 iedlio
1013 1901 1123 1954 amoris
1147 1898 1276 1955 faciendi
1295 1900 1433 1970 proximo

899 1982 1011 2035 bonurn
1037 1992 1160 2051 propter
1180 1980 1285 2042 Deum,
1304 1981 1431 2036 salutem

897 2072 930 2116 et
946 2062 1040 2116 vitam
1053 2072 1214 2123 aeternam,
1228 2063 1432 2116 clamaverunt

897 2157 1011 2203 omnes,
1034 2141 1126 2196 “Hoc
1145 2141 1334 2196 mendacium
1353 2141 1432 2201 est;''

898 2232 929 2276 et
961 2223 1025 2292 ipse
1051 2222 1156 2283 Draco,
1182 2221 1276 2276 “lieu
1301 2220 1433 2283 lacinus:

898 2318 999 2359 nonne
1020 2304 1123 2357 omnia
1141 2304 1220 2357 bona
1237 2318 1336 2372 opera,
1355 2317 1432 2372 quae

898 2394 969 2439 sunt
993 2385 1130 2445 charitas,
1153 2394 1275 2454 propter
1295 2382 1431 2444 salutem,

898 2475 969 2519 sunt
979 2463 1158 2518 meritoria.''

933 2545 1019 2598 Tunc
1032 2545 1110 2598 inter
1121 2561 1154 2599 se
1166 2544 1314 2605 dixerunt,
1328 2542 1431 2599 “Con-

898 2625 1146 2680 vocemusadhuc
1156 2624 1256 2695 plures
1265 2640 1302 2678 ex
1313 2624 1431 2685 nostris.

898 2717 929 2761 et
950 2706 1142 2761 obsideamus
1162 2706 1239 2760 hanc
1251 2707 1370 2768 urbem;
1388 2703 1431 2759 la-

898 2788 1011 2842 ciamus
1035 2788 1137 2850 scalas.
1150 2786 1345 2841 ascendamus
1367 2804 1432 2840 mu·

898 2886 973 2931 rum,
983 2884 1018 2923 ac
1032 2870 1176 2924 irruamus
1186 2867 1278 2922 noctu
1290 2878 1322 2921 et
1333 2868 1432 2939 ejicia·

899 2968 966 3006 mus
978 2949 1147 3006 Charitates
1160 2949 1254 3004 illos.”

935 3032 978 3085 At
998 3047 1066 3085 cum
1090 3032 1149 3085 hoc
1161 3030 1257 3084 moliti
1270 3039 1349 3091 sunt,
1362 3044 1432 3084 ecce

898 3112 1035 3182 apparuit
1057 3113 1134 3165 sicut
1156 3111 1234 3181 ignis
1246 3127 1262 3165 e
1275 3110 1368 3165 Caelo
1379 3110 1431 3180 qui

899 3193 1085 3263 consumpsit
1117 3192 1191 3247 illos.
1229 3190 1288 3246 Sed
1314 3192 1390 3262 ignis
1415 3208 1432 3245 e

899 3274 991 3330 Caelo
1001 3274 1057 3327 luit
1065 3272 1239 3343 apparentia·
1249 3272 1308 3326 irae
1316 3288 1353 3325 ex
1361 3272 1432 3325 odio

899 3366 1004 3410 contra
1016 3354 1091 3415 illos,
1104 3354 1175 3423 quia
1192 3352 1282 3407 iidem
1300 3368 1316 3406 e
1336 3352 1432 3422 primo

900 3438 967 3491 loco
1002 3435 1032 3488 in
1057 3434 1222 3488 secundum
1250 3434 1432 3503 reiecerunt:

900 3518 980 3587 quod
995 3525 1172 3586 apparerent
1183 3514 1262 3569 sieut
1280 3515 1348 3584 igne
1361 3529 1433 3568 con·

901 3597 987 3659 sumi,
1000 3606 1063 3651 erat
1076 3595 1157 3666 quod
1171 3595 1227 3649 sub
1240 3595 1365 3664 pedibus
1384 3610 1434 3648 eo·

901 3695 965 3732 rum
985 3677 1149 3747 aperiretur
1163 3674 1324 3737 hiemum,
1337 3684 1370 3729 et
1382 3675 1433 3729 de·

900 3758 1086 3830 glutirentur.

937 3838 994 3894 His
1015 3837 1124 3893 similia
1135 3837 1325 3908 contigerunt
1344 3836 1434 3906 pluri·

900 3923 956 3975 bus
965 3920 994 3974 in
1005 3918 1135 3973 loeisdie
1145 3916 1252 3971 Ultimi
1260 3916 1385 3989 Judicii;
1402 3926 1435 3970 et

901 4004 959 4056 hoc
975 4006 1021 4056 est
1034 4001 1115 4071 quod
1134 4015 1187 4069 per
1200 3998 1273 4053 haec
1285 3999 1376 4052 verba
1393 3998 1435 4050 in-

901 4082 1047 4154 telligitur
1060 4082 1090 4134 in
1103 4080 1281 4149 Apocalypsi
1284 4100 1295 4133 .·

932 4235 1035 4280 “Exibit
1052 4232 1133 4278 Draco
1144 4232 1176 4277 sd
1190 4232 1357 4277 seducendum
1370 4229 1436 4275 Geu-

1007 4302 1043 4339 tes
1056 4306 1119 4351 quae
1133 4293 1158 4337 in
1168 4299 1274 4349 quatuor
1286 4290 1380 4348 angulis
1391 4298 1436 4335 ter·

1008 4368 1057 4406 rae,
1068 4361 1095 4398 ut
1105 4359 1236 4410 congreget
1253 4366 1295 4397 eos
1306 4352 1329 4395 iu
1336 4350 1435 4395 bellum.

1008 4416 1040 4460 Et
1055 4415 1215 4459 ascenderunt
1229 4425 1303 4469 super
1312 4410 1435 4469 planitiem

1008 4484 1092 4525 terrae.
1103 4482 1127 4520 et
1137 4474 1348 4519 circumdederunt
1359 4480 1437 4517 castra

1008 4535 1161 4586 Sanctorum.
1172 4541 1197 4578 et
1206 4534 1298 4579 Urbem
1309 4531 1435 4583 dilectam:

1008 4592 1435 4652 seddsseenditiguisaDeoeCaelo.

1009 4665 1033 4703 et
1044 4654 1264 4714 consumpsimus*
1277 4654 1327 4713 (xx.
1338 4655 1360 4707 8,
1371 4659 1406 4711 9).
