3384 5400
536 697 615 747 cnr.
633 698 706 761 xx,
722 698 826 748 vens.
842 698 951 766 7.-N.
969 686 1038 766 857.
1284 687 1343 767 761

220 867 275 930 nis
298 868 332 930 in
351 858 488 949 abysso,
508 877 543 932 et
566 867 636 950 ejus
658 868 873 945 solutionem,
894 879 1000 951 patet,
1021 870 1097 953 quia
1116 868 1237 934 dicitur
1254 872 1347 953 quod

219 959 396 1043 conjestus
418 964 462 1026 sit
491 964 524 1026 in
547 964 718 1044 abyssum,
738 963 931 1039 conclusus,
956 976 990 1027 et
1014 965 1104 1047 quod
1127 966 1348 1047 obsignatum

217 1057 265 1121 sit
285 1077 386 1140 super
401 1058 560 1123 eomille
577 1078 696 1133 annos,
716 1069 751 1121 et
774 1059 852 1121 dein
870 1059 961 1141 quod
980 1058 1131 1122 solvetur
1151 1058 1242 1142 (vers
1272 1078 1290 1141 3
1309 1072 1345 1125 et

217 1149 277 1233 7):
313 1152 378 1215 hoc
411 1152 501 1216 idern
531 1154 675 1235 spatium
706 1154 869 1235 temporis
898 1152 1107 1235 significatur
1135 1156 1238 1219 etiam
1269 1156 1343 1235 hic;

217 1253 326 1328 quare
347 1267 407 1329 per
426 1247 646 1329 “regnabunt
665 1267 741 1311 curn
760 1246 898 1312 Christo
917 1247 1007 1312 mille
1027 1268 1134 1312 annos
1142 1248 1157 1276 ”
1175 1250 1343 1332 significa-

216 1350 274 1404 tur
293 1341 385 1423 quod
403 1341 451 1405 illi
466 1341 618 1423 jamdum
636 1342 670 1405 in
690 1341 796 1406 Caelo
811 1353 936 1417 essent,
955 1343 1034 1405 dum
1053 1343 1171 1425 reliqui
1190 1355 1343 1408 mortuo·

215 1454 292 1497 rum
312 1438 369 1518 qui
388 1437 538 1499 nondum
557 1438 754 1500 revixerunt
775 1436 832 1519 (de
851 1437 970 1519 quibus
989 1458 1074 1500 vers.
1097 1436 1142 1519 5),
1160 1440 1192 1500 in
1213 1438 1343 1503 Mundo

214 1530 396 1610 spirituum
412 1540 537 1594 essent.
582 1529 649 1594 Sed
669 1532 752 1595 haec
769 1551 838 1594 non
854 1532 991 1612 capiunt
1010 1532 1057 1594 illi
1075 1534 1131 1614 qui
1148 1552 1216 1595 non
1231 1534 1342 1597 sciunt

216 1624 312 1706 quod
332 1643 391 1707 per
410 1645 573 1688 numeros¹
585 1627 619 1688 in
637 1623 846 1706 Apocalypsi
861 1644 929 1688 non
948 1625 1184 1708 intelligantur
1202 1629 1341 1703 numeri,

216 1718 279 1781 sed
310 1740 375 1783 res.
435 1718 643 1783 Asseverare
673 1738 809 1802 possum
836 1722 926 1803 quod
956 1720 1069 1801 angeli
1099 1740 1167 1785 non
1197 1723 1342 1806 aliquem

215 1834 397 1877 numerum
419 1813 618 1878 naturaliter
639 1814 846 1896 intelligant,
870 1816 956 1879 sicut
979 1816 1144 1891 homines,
1168 1817 1228 1880 sed
1251 1820 1340 1899 quod

215 1909 457 1990 spiritualiter3
489 1911 557 1971 imo
574 1909 665 1991 quod
689 1929 757 1972 non
780 1911 890 1972 sciant
909 1910 986 1992 quid
1011 1909 1103 1973 mille
1122 1912 1212 1985 anni,
1231 1912 1341 1977 solum

215 2003 311 2086 quod
334 2005 377 2067 sit
400 2002 536 2085 aliquod
559 2003 779 2065 interstitium
802 2006 976 2087 temporis,
1000 2024 1139 2086 parvum
1162 2016 1219 2069 aut
1244 2026 1340 2089 mag·

214 2118 311 2173 num,
330 2097 426 2180 quod
454 2117 522 2160 non
544 2097 644 2160 aliter
661 2098 805 2179 exprimi
833 2108 947 2179 potest
970 2112 1070 2181 quam
1094 2118 1154 2181 per
1175 2100 1340 2182 aliquam·

214 2192 286 2256 diu.

277 2294 370 2377 85⁶
387 2294 440 2374 [ac
456 2292 571 2376 857].
596 2304 683 2372 [Vm.
697 2304 734 2372 7.]
759 2294 825 2356 ‘fr
836 2295 1169 2376 quondooonrummon'
1177 2298 1341 2362 runtmillo

215 2385 302 2457 anni,
314 2382 593 2448 rolnturdotunos
604 2403 622 2447 ο
634 2403 767 2447 ornem
777 2384 872 2457 ruofi
885 2384 1051 2466 significat
1064 2386 1154 2467 quod
1157 2396 1339 2468 postquam

214 2500 237 2541 a
262 2476 407 2540 Domino
435 2476 470 2539 in
498 2474 633 2541 Caelum
658 2476 786 2541 sublati
811 2487 890 2540 sunt
915 2476 974 2559 qui
1000 2478 1036 2539 in
1066 2476 1223 2556 inferiore
1247 2487 1340 2541 terra

212 2572 375 2636 tamus
397 2571 558 2635 reconditi
576 2581 608 2635 et
628 2572 785 2636 custoditi
795 2573 948 2653 fuerunt,
971 2581 1004 2633 et
1022 2582 1087 2653 per
1108 2570 1183 2634 illos
1206 2570 1339 2636 Novum

216 2666 357 2733 Caelum
389 2664 621 2731 Christianum
650 2668 827 2731 odoarium
855 2676 914 2743 est,
940 2687 1049 2730 omnes
1079 2666 1134 2730 illi
1159 2666 1219 2749 qui
1236 2667 1338 2747 falsa

203 2763 298 2847 fidei
311 2762 406 2843 opud
424 2783 459 2825 se
475 2763 760 2845 confirmaverunt,
780 2764 1078 2826 millenarum—‘⁴
1089 2761 1235 2844 Quando
1255 2783 1337 2826 con·

214 2859 479 2921 summati-sunt
502 2857 594 2920 mille
616 2857 719 2920 anni”
741 2857 909 2940 significat
932 2867 1111 2940 postquam
1137 2877 1159 2920 a
1189 2856 1338 2922 Domino

214 2955 249 3016 in
281 2951 423 3015 Caelum
453 2951 577 3015 sublati
607 2961 685 3015 sunt
718 2954 773 3034 qui
802 2949 966 3015 haetenus
998 2953 1031 3014 in
1065 2951 1217 3015 inieriore
1248 2963 1338 3016 terra

213 3047 384 3112 reconditi
417 3055 452 3109 et
485 3047 645 3110 custoditi
677 3047 829 3124 suerunt3
865 3046 955 3128 quod
985 3045 1050 3109 hoc
1081 3066 1140 3128 per
1171 3047 1337 3128 “quando

213 3141 442 3206 consummati
461 3151 540 3204 sunt
559 3139 650 3203 mille
668 3141 748 3203 anni
756 3141 772 3166 ”
790 3141 1007 3222 significetur,
1027 3151 1080 3204 est
1103 3140 1181 3222 quia
1203 3142 1246 3204 de
1268 3141 1337 3204 sal·

213 3236 354 3300 vatione
377 3233 510 3298 illorum
533 3235 587 3317 qui
610 3234 785 3298 coluerunt
817 3236 999 3299 Dominum
1030 3244 1064 3297 et
1095 3235 1150 3317 qui
1176 3236 1336 3300 vixerunt

213 3331 401 3395 secundum
429 3339 610 3411 praecepta
637 3329 755 3410 Ipsius,
782 3330 815 3391 in
841 3329 991 3393 versibus
1016 3328 1089 3407 4-6,
1118 3329 1172 3411 qui
1199 3349 1336 3412 praece·

213 3425 313 3498 dunt,
338 3423 446 3487 solum
474 3424 594 3504 agitur,
618 3433 654 3486 et
683 3424 747 3486 hoc
779 3425 923 3504 spatium
947 3425 1110 3506 temporis
1133 3424 1335 3505 intelligitur

213 3539 276 3604 per
292 3518 415 3582 “mille
430 3517 565 3580 annos.”
609 3515 709 3598 Quod
725 3519 793 3580 sint
809 3519 864 3600 qui
880 3517 1003 3581 sublati
1019 3526 1098 3581 sunt
1118 3539 1162 3581 ex
1182 3519 1336 3583 inferiore

214 3625 318 3687 terra,
343 3612 477 3694 quidem
501 3632 568 3674 non
591 3611 723 3686 dicitur,
747 3611 806 3674 sed
833 3632 937 3695 usque
964 3620 1060 3694 patet
1086 3633 1130 3674 ex
1159 3615 1270 3694 capite
1292 3615 1335 3676 vi.

213 3723 311 3790 9-11,
336 3707 391 3769 ubi
417 3707 478 3768 visi
505 3715 584 3769 sunt
608 3706 698 3768 “sub
721 3705 863 3782 Altari”
885 3716 920 3768 et
945 3707 1036 3769 “sub
1062 3703 1198 3769 Altari”
1220 3717 1273 3770 est
1300 3710 1333 3772 in

212 3802 370 3866 inferiore
389 3810 498 3877 terra;
521 3820 623 3881 quare
642 3801 744 3862 etiam
767 3800 820 3863 hic
843 3810 1008 3863 vocantur
1027 3801 1251 3864 “sacerdotes
1269 3801 1336 3866 Dei

213 3908 250 3960 et
275 3893 423 3959 Christi”
446 3892 547 3976 (vers.
569 3894 610 3971 6;
641 3895 793 3957 videatur
807 3917 906 3978 supra
923 3897 969 3977 (n.
983 3894 1095 3978 8541'1).
1153 3893 1253 3975 Quod
1277 3915 1335 3978 per

213 3991 294 4054 illos
324 3988 457 4052 Novum
486 3987 625 4052 Caelum
649 3987 875 4051 Christianum
898 3985 1077 4052 adaudlum
1108 3989 1162 4062 sit,
1188 3989 1240 4052 hic
1271 4010 1333 4054 nec

213 4075 357 4160 dicitur;
394 4103 498 4164 usque
530 4092 645 4145 tamen
678 4083 743 4145 hoc
777 4091 873 4165 patet
906 4103 950 4145 ex
985 4101 1056 4165 cap.
1091 4085 1170 4158 xiv,
1205 4083 1259 4146 ubi
1291 4086 1334 4148 de

213 4179 318 4242 Novo
341 4175 445 4241 Caelo
468 4177 661 4240 Christiano
683 4179 805 4258 agitur,
829 4188 867 4241 ut
890 4178 994 4240 videri
1019 4187 1133 4259 potest
1157 4178 1200 4240 ab
1222 4178 1333 4260 expli·

213 4273 302 4337 catis
331 4271 376 4334 ibi
403 4269 580 4354 (imprimis
607 4292 638 4333 n.
662 4271 735 4347 612,
761 4272 834 4351 613,
858 4271 931 4346 626,
955 4271 1028 4351 631,
1052 4271 1124 4351 647,
1147 4271 1219 4351 659,
1242 4272 1332 4358 661).

214 4365 317 4450 Quod
348 4386 407 4448 per
430 4365 611 4428 “solvetur
632 4364 777 4429 Satanas
808 4387 827 4430 e
858 4386 991 4430 earcere
1018 4366 1103 4430 suo”
1127 4365 1335 4446 significetur

213 4461 305 4545 quod
324 4461 432 4544 quiin
451 4459 523 4523 sola
542 4459 626 4522 Fide
644 4461 756 4541 quoad
774 4457 963 4524 dodirinam
981 4481 1017 4523 se
1037 4459 1332 4537 confirmaverunt,

214 4557 463 4628 emitterentur,
483 4563 535 4618 est
558 4555 635 4636 quia
655 4554 820 4618 “Draco'’
842 4555 895 4617 hic
915 4565 1056 4620 vocatur
1076 4554 1278 4629 “Satanas''
1296 4565 1332 4620 et

215 4670 283 4714 non
301 4648 400 4713 simul
422 4647 642 4726 “Diabolus''
659 4659 696 4713 ut
715 4670 814 4732 supra
834 4647 934 4732 (vers.
955 4649 1010 4733 2);
1038 4659 1073 4714 et
1096 4669 1155 4732 per
1174 4651 1331 4714 “Draco-
