3384 5400
328 617 394 682 620
647 628 896 682 neocnuvrsrs
918 629 1131 720 usvenans.

330 800 422 866 Caeli
442 799 583 884 loquens
601 810 637 865 et
655 799 810 864 revelans
828 800 862 864 in
880 822 947 883 quo
965 809 1058 864 statu
1075 809 1129 865 est
1152 800 1364 884 Religiosum
1380 799 1448 866 Ca·
1563 855 1566 862 .

329 895 458 959 tholico
482 895 673 958 Romanum
696 895 729 957 in
748 893 814 958 line
832 894 920 976 ejus:
948 896 1026 959 inde
1044 897 1147 959 etiam
1166 904 1230 972 est,
1249 896 1342 979 quod
1364 915 1450 959 unus

330 1011 373 1057 ex
391 1001 523 1072 septem
539 989 603 1054 illis
619 989 765 1071 Angelis
781 991 960 1072 sumpserit
975 989 1165 1071 Johannem
1181 1011 1280 1073 super
1295 1000 1449 1055 montem

329 1084 446 1158 altum,
464 1094 498 1148 et
515 1085 702 1147 ostenderit
720 1083 768 1148 illi
784 1082 940 1148 Uxorem
956 1085 1061 1166 Agrii,
1078 1105 1164 1168 quae
1179 1097 1233 1150 est
1249 1084 1349 1148 Nova
1365 1083 1448 1148 Hie·

328 1179 501 1260 rosolyma
520 1178 606 1261 (cap.
626 1179 698 1242 xxi.
717 1196 748 1259 9,
772 1177 835 1261 ιο).

387 1284 483 1354 719.
510 1278 529 1308 ⁸
539 1269 740 1344 diceremini,
756 1270 867 1351 [loni]
882 1271 1041 1333 utendum
1054 1269 1111 1333 tibi
1113 1269 1261 1353 judicium
1276 1271 1449 1335 &urriols

328 1380 459 1444 mupnuo
473 1359 609 1424 rodentis
620 1379 714 1442 super·
727 1360 816 1442 cquis
827 1359 965 1432 multir,''
976 1359 1145 1442 significat
1160 1360 1395 1425 revelationem
1407 1361 1449 1424 de

328 1454 386 1518 illo
410 1454 579 1535 Relr'gr‘oso
605 1453 717 1535 quoad
732 1452 1017 1534 prophanationes
1040 1453 1109 1536 q‘us
1134 1462 1167 1516 et
1190 1452 1447 1516 adulterationes

328 1550 506 1612 veritatum
529 1547 743 1613 Verbi—Per
759 1553 778 1580 ‘⁴
788 1548 900 1611 dicere
907 1547 923 1572 '⁹
938 1557 973 1610 et
991 1552 1010 1579 ‘⁴
1022 1547 1203 1611 ostendere
1210 1547 1226 1573 ”
1241 1546 1447 1630 significatur

329 1643 511 1721 revelati0;
549 1663 608 1726 per
631 1641 839 1722 “judicium’'
861 1639 1069 1723 significatur
1091 1652 1201 1705 status
1227 1642 1297 1722 ejus
1323 1643 1358 1706 in
1383 1642 1447 1706 fine

329 1737 418 1820 ejus;
443 1758 502 1821 per
521 1737 765 1800 “Meretricem
789 1735 972 1817 magnam”
995 1735 1202 1818 significatur
1223 1736 1446 1819 prophanatio

329 1829 520 1896 sandiorum
541 1831 646 1894 Verbi
664 1840 699 1894 et
718 1829 905 1906 Ecclesiae,
924 1851 963 1894 ac
982 1829 1186 1894 adulteratio
1205 1830 1339 1894 boniet
1357 1833 1444 1909 veri;

329 1947 388 2009 per
408 1932 539 2009 “aquas
558 1925 682 1988 multas
690 1925 705 1950 ”
724 1923 955 2006 significantur
971 1927 1134 1988 verit-ates
1152 1924 1257 1988 Verbi
1277 1925 1445 1989 adultera·

329 2033 405 2099 tae;
429 2040 487 2103 per
506 2020 653 2083 “sedere
675 2039 774 2101 super
792 2018 882 2082 illis”
899 2017 1106 2100 significatur
1128 2039 1204 2082 esse
1226 2028 1261 2082 et
1280 2020 1393 2097 vivere
1414 2021 1446 2083 in

329 2114 413 2178 illis:
452 2115 541 2196 quod
569 2134 627 2196 per
651 2113 914 2188 “meretricari''
937 2113 1165 2186 “moechari'’
1192 2113 1386 2177 “scortari”
1412 2125 1445 2178 et

330 2209 538 2273 “adulterari
547 2207 562 2232 ”
584 2205 791 2290 significetur
812 2205 987 2271 falsificare
1013 2217 1048 2272 et
1070 2207 1262 2271 adulterare
1284 2207 1444 2282 Verbum,

327 2303 481 2368 videatur
505 2323 605 2385 supra
632 2301 679 2383 (n.
707 2300 994 2383 134.620‚632);
1028 2309 1064 2365 et
1090 2303 1180 2385 quod
1206 2323 1266 2385 per
1293 2301 1445 2386 “aquas''

221 2449 223 2454 .
328 2396 559 2480 significentur
575 2417 655 2460 vera
677 2393 746 2477 ejus
767 2395 814 2477 (n.
836 2410 885 2477 50,
907 2395 977 2477 563,
996 2395 1070 2475 614,
1088 2395 1179 2477 685),
1198 2395 1251 2459 hic
1275 2396 1333 2460 illa
1351 2396 1444 2460 adul·

328 2501 439 2556 terata
462 2500 497 2555 et
520 2490 742 2573 prophanata,
762 2491 839 2574 quia
860 2490 982 2554 dicitur
1006 2489 1200 2554 “Meretrix
1208 2489 1223 2515 ”
1242 2511 1341 2573 super
1362 2489 1443 2566 illis;

328 2607 373 2650 ex
396 2586 446 2648 his
470 2594 576 2668 patet,
596 2585 686 2667 quod
708 2605 768 2667 per
786 2585 931 2648 “dicens
954 2585 1044 2658 mihi,
1068 2582 1258 2648 Ostendam
1281 2584 1342 2648 tlbi
1361 2583 1443 2665 judi-

329 2682 417 2745 cium
436 2679 624 2745 Meretricis
639 2698 784 2761 magnae
800 2679 951 2743 sedentis
966 2700 1066 2761 super
1081 2680 1175 2763 aquis
1191 2678 1305 2743 multis
1313 2679 1328 2704 ''
1343 2678 1443 2761 signi-

328 2774 446 2839 ficetur
458 2773 621 2837 revelatio
633 2774 676 2836 de
688 2773 748 2836 illo
761 2773 937 2855 Religioso
948 2775 1061 2857 quoad
1076 2774 1362 2857 prophanationes
1378 2773 1443 2854 ejus

328 2878 364 2933 et
383 2866 646 2931 adulterationes
665 2868 846 2931 veritatum
865 2867 980 2933 Verbi.
1025 2867 1141 2932 Simile
1155 2868 1276 2932 dicitur
1291 2869 1334 2932 de
1352 2867 1443 2931 “Ba-

327 2963 404 3028 bele
412 2962 427 2988 ’¹
446 2963 534 3045 apud
552 2962 738 3037 Jeremiam
751 2983 764 3026 :

380 3095 526 3162 “Jehovah
544 3095 623 3145 faciet
640 3095 666 3144 id
684 3096 755 3159 quod
773 3095 877 3146 loeutus
894 3105 936 3146 est
951 3106 1047 3146 contra
1063 3098 1226 3146 habitatores
1239 3096 1363 3156 baberi„
1379 3110 1445 3161 quae

458 3161 972 3289 diditidcrsiuddf’iiddiu'iiuiis'iisgna
982 3163 1123 3220 thesauris,
1134 3163 1208 3211 venit
1219 3162 1362 3222 mutuus,
1373 3176 1446 3213 men·

329 3344 431 3427 Quod
447 3344 577 3407 dicatur
593 3344 682 3426 quod
699 3344 818 3408 abillis
830 3366 911 3409 vera
923 3344 1027 3409 Verbi
1043 3345 1235 3409 adulterata
1250 3353 1286 3409 et
1302 3346 1444 3428 propha-

328 3449 409 3504 nata
428 3439 506 3511 sint,
526 3448 578 3501 est
597 3440 673 3521 quia
691 3439 924 3521 applicuerunt·
942 3461 1022 3503 vera
1040 3439 1145 3503 Verbi
1163 3440 1206 3502 ad
1224 3440 1444 3504 obtinendum

328 3534 512 3597 dominium
536 3552 635 3614 super
657 3530 774 3596 sancta
798 3532 973 3597 Ecclesiae
993 3544 1030 3597 et
1052 3554 1151 3616 super
1173 3532 1323 3608 Caelum,
1344 3544 1380 3599 et
1402 3534 1445 3597 ad

328 3626 566 3689 vindicandum
581 3626 642 3689 sibi
658 3626 815 3689 Divinam
827 3637 1037 3709 potestatem
1051 3628 1187 3691 Domini
1199 3648 1207 3705 ;
1229 3638 1265 3691 et
1278 3628 1445 3710 applicare

327 3741 408 3785 vera
426 3720 531 3784 Verbi
554 3720 597 3784 ad
620 3721 840 3785 obtinendum
859 3723 1043 3785 dominium
1065 3743 1165 3805 super
1184 3720 1303 3787 sanita
1324 3722 1444 3786 Eccle-

328 3816 397 3879 siae
417 3824 453 3879 et
472 3812 574 3890 Caeli,
594 3825 648 3878 est
671 3816 862 3880 adulterare
884 3816 962 3894 illa;
985 3826 1020 3880 et
1039 3816 1208 3899 applicare
1230 3815 1289 3879 illa
1310 3816 1354 3879 ad
1373 3817 1443 3879 vin·

329 3908 510 3973 dicandum
524 3908 586 3972 sibi
602 3909 760 3973 Divinam
773 3920 982 3992 potestatem
998 3910 1144 3985 Domini,
1159 3920 1211 3975 est
1226 3911 1442 3993 prophanare.

329 4002 430 4085 Quod
453 4024 513 4067 sua
535 4004 699 4085 dogmata
721 4004 993 4069 confirmaverint
1015 4024 1060 4069 ex
1084 4004 1212 4079 Verbo,
1232 4016 1351 4067 notum
1372 4015 1445 4081 est,

328 4098 388 4160 sed
408 4097 484 4179 lege
499 4097 557 4161 illa
572 4108 607 4162 et
626 4099 778 4174 attende,
794 4110 830 4163 et
845 4099 974 4163 videbis
989 4099 1079 4181 quod
1097 4098 1318 4181 applicuerint
1334 4099 1446 4163 omnia

327 4190 498 4275 illa,quae
517 4213 561 4255 ex
578 4191 695 4257 Verbo
707 4193 978 4276 desumpserunt,
995 4194 1038 4256 ad
1054 4194 1239 4257 dominium
1258 4213 1356 4285 super
1374 4194 1444 4256 ani·

329 4306 401 4349 mas
419 4287 602 4362 hominum,
622 4298 657 4351 et
676 4288 719 4351 ad
742 4288 981 4371 acquirendum
1000 4288 1063 4350 sibi
1085 4287 1285 4369 potentiam,
1304 4282 1445 4352 auctori-

328 4390 437 4443 tatem
466 4390 500 4443 et
528 4380 740 4462 majestatem
769 4382 936 4445 Divinam.
981 4381 1066 4445 Inde
1093 4390 1145 4444 est
1172 4383 1263 4463 quod
1290 4381 1444 4463 Babylon

328 4474 460 4538 dicatur
489 4480 626 4541 “mater
655 4478 900 4541 scortationum
930 4486 965 4540 et
994 4476 1284 4540 abominationum
1314 4474 1445 4541 terrae”

331 4567 430 4651 uers·
452 4568 496 4653 s)-
