3384 5400
351 685 415 767 736
676 700 925 753 avocamus
948 702 1159 753 nevaeum.

355 873 445 955 quod
467 894 528 957 per
547 873 703 937 “Panem
725 884 761 938 et
782 873 931 939 Vinum”
953 874 1158 959 (dequibus,
1182 875 1263 951 Jou.
1283 877 1335 941 vi.·
1348 876 1473 961 51-58).

355 976 374 999 ‘⁴
385 967 473 1033 Caro
481 968 495 993 ”
505 967 675 1051 significat
687 969 814 1033 bonum
827 972 931 1035 etiam
945 970 1059 1035 multis
1072 971 1145 1035 aliis
1157 973 1191 1035 in
1203 971 1287 1037 locis
1299 973 1334 1037 in
1348 972 1473 1049 Verbo,

354 1073 391 1128 ut
409 1066 444 1127 in
462 1064 533 1126 his:

403 1230 420 1251 '⁶
429 1228 585 1278 Removebo
594 1243 640 1277 cor
648 1228 745 1290 lapidis
757 1244 774 1277 a
785 1228 873 1278 Carne
886 1244 988 1289 eorum,
1001 1240 1028 1279 et
1039 1230 1110 1279 dabo
1124 1230 1175 1280 illis
1187 1246 1234 1280 cor
1243 1228 1363 1280 Carnis”
1372 1230 1473 1291 (Euri.

481 1295 517 1344 xi.
533 1306 580 1358 ι9ς
597 1308 654 1357 αιρ.
669 1295 759 1343 xxxvi.
772 1295 828 1356 26);

403 1359 784 1411 ''DesideratteCaromoa
777 1373 804 1409 tn
817 1371 889 1411 terra
900 1360 1040 1411 siccitatis
1043 1360 1172 1423 ⁹(Psalm.
1188 1362 1251 1413 lxiii.
1265 1359 1340 1427 a[B.
1352 1364 1388 1413 A.
1402 1359 1457 1427 1]);

402 1426 484 1475 “Cor
495 1440 585 1475 meum
597 1435 624 1475 et
642 1426 713 1475 Caro
725 1441 786 1475 mea
796 1426 913 1489 jubilant
924 1442 989 1491 erga
1001 1426 1088 1477 Deum
1101 1428 1193 1477 vivum
1201 1426 1339 1491 ⁸¹(Psalm.
1355 1400 1473 1479 lxxxivl¹l

402 1488 912 1607 “uriifaeiaillihuconfioentew
924 1558 1033 1619 (Psainr
1046 1559 1099 1607 xvi.
1110 1557 1151 1621 9);

403 1625 420 1645 ‘⁴
428 1622 497 1738 cuni
510 1624 609 1752 ζίῗὲήε
617 1624 763 1752 996991Ὶῖ6
774 1624 910 1675 obtexeris
923 1638 993 1683 eum,
1008 1633 1063 1674 eta
1075 1624 1163 1675 Carne
1176 1634 1222 1675 tua
1233 1638 1288 1675 noo
1301 1624 1475 1673 absconderis

493 1703 509 1737 e
579 1704 627 1753 say.
650 1704 703 1738 viu.
742 1726 750 1739 .

410 1841 511 1925 833.
536 1852 622 1919 [Vm
637 1840 797 1918 194¹·st
801 1840 860 1903 iiii
877 1840 1012 1903 Bestiam
1026 1846 1060 1903 ot
1077 1859 1173 1925 eopse
1186 1846 1294 1904 uerno
1308 1848 1342 1904 ol
1354 1842 1476 1905 eremi·

351 1943 402 1999 tus
415 1954 521 1998 meum
535 1942 743 2018 aonpnpnlos
757 1936 867 1998 {noem
884 1936 993 1999 bollum
1007 1954 1077 1998 oum
1087 1934 1221 1999 Sodonlo
1233 1954 1331 2017 super
1339 1936 1434 2018 Equo,
1444 1942 1478 2000 oi

351 2050 421 2093 oum
435 2030 575 2094 eremita
588 2030 710 2111 ipsiusf
712 2029 904 2111 'significat
920 2030 1011 2111 quod
1021 2050 1132 2093 ornnes
1144 2030 1291 2093 interius
1306 2030 1402 2105 mali,
1416 2032 1475 2113 qui

346 2124 499 2229 professi
510 2133 590 2186 sunt
603 2122 710 2187 solam
724 2122 850 2197 Fidem,
868 2142 939 2185 cum
954 2123 1185 2203 antesignanis
1199 2132 1232 2185 et
1249 2144 1361 2185 eorum
1376 2123 1472 2187 clien-

350 2217 450 2294 tibus,
481 2216 715 2297 impugnaturi
743 2216 813 2279 sint
844 2216 973 2279 Dium
1010 2216 1098 2279 Vera
1129 2216 1312 2279 Domi''ne
1296 2238 1331 2279 en
1370 2217 1474 2281 Verbo

349 2312 475 2393 Ipsius,
506 2322 538 2374 et
566 2311 766 2390 infestaturi
791 2310 868 2373 illos
898 2311 958 2392 qui
986 2332 1003 2373 e
1032 2310 1131 2373 Nova
1159 2310 1309 2374 Ecclesia
1339 2311 1478 2376 Domini

349 2405 602 2487 erunt-Quod
621 2426 681 2488 per
698 2404 878 2467 “Bestiam
887 2406 901 2430 '¹
921 2404 1152 2486 significentur
1170 2406 1225 2487 qui
1244 2407 1278 2468 in
1298 2404 1473 2488 Religioso

350 2503 393 2565 de
423 2502 497 2565 sola
528 2502 612 2564 Fide
635 2510 725 2576 sunt,
749 2500 904 2563 videatur
927 2520 1026 2582 supra
1050 2498 1097 2582 (n.
1123 2500 1193 2581 567,
1216 2500 1286 2581 576,
1309 2516 1379 2581 577,
1403 2515 1470 2583 594,

352 2598 422 2676 598,
438 2594 538 2678 601);
561 2595 652 2677 quod
671 2596 738 2658 sint
758 2595 862 2657 modo
881 2594 927 2656 illi
948 2596 1003 2677 qui
1021 2594 1160 2657 interius
1179 2594 1259 2657 mali
1278 2605 1368 2669 sunt,
1386 2607 1421 2659 et
1439 2596 1471 2659 id

351 2691 563 2773 Religiosum
593 2690 743 2772 professi,
767 2689 936 2753 videbitur
964 2688 1066 2752 inira:
1100 2709 1159 2772 per
1183 2694 1310 2771 “reges
1340 2690 1472 2755 terrae’'

350 2785 583 2867 significantur
598 2786 653 2867 qui
672 2805 752 2867 prae
768 2785 904 2866 reliquis
923 2787 956 2848 in
975 2785 1067 2848 salsis
1083 2785 1178 2847 istius
1198 2784 1363 2866 Religiosi
1381 2795 1470 2860 sunt,

350 2883 399 2943 ita
410 2881 646 2961 antesignani;
670 2900 729 2962 per
742 2886 762 2911 ‘⁴
771 2899 870 2960 reges
881 2890 991 2942 terrae
999 2880 1013 2904 ’'
1025 2881 1115 2942 enim
1128 2877 1360 2960 significantur
1371 2882 1427 2962 qui
1438 2882 1471 2944 in

349 2976 437 3038 veris
457 2973 634 3037 Ecclesiae
652 2995 697 3037 ex
716 2973 834 3038 Verbo
853 2985 942 3050 sunt,
959 2984 996 3038 et
1015 2975 1049 3036 in
1068 2976 1227 3056 opposito
1245 2995 1346 3036 sensu
1364 2976 1420 3056 qui
1438 2975 1470 3038 in

350 3069 441 3133 falsis
462 3069 508 3151 (n.
526 3085 576 3144 20,
593 3071 666 3149 483,
690 3085 762 3152 704,
783 3085 855 3150 737,
875 3085 947 3149 720,
968 3067 1057 3150 740),
1077 3069 1130 3132 hic
1153 3071 1208 3152 qui
1227 3071 1260 3132 in
1279 3069 1389 3133 salsis:
1413 3091 1471 3154 per

353 3164 574 3227 “exercitus''
604 3165 737 3227 illorum
768 3163 1002 3245 significantur
1035 3185 1154 3228 omnes
1186 3166 1275 3227 inter
1308 3164 1385 3229 illos
1416 3167 1470 3248 qui

350 3259 503 3324 similiter
521 3262 555 3322 in
574 3259 666 3322 salsis
682 3269 760 3322 sunt
782 3258 828 3339 (n.
844 3257 922 3341 447)
937 3281 944 3337 ;
968 3279 1027 3342 per
1045 3259 1182 3322 “facere
1201 3258 1351 3322 bellum”
1367 3261 1469 3342 signi-

350 3352 469 3417 ficatur
478 3356 688 3437 impugnare,
702 3355 861 3435 queniam
873 3374 931 3436 per
944 3361 962 3386 ‘¹
971 3353 1120 3416 bellum'’
1130 3356 1163 3416 in
1174 3352 1291 3417 Verbo
1302 3354 1469 3435 significa·

350 3459 405 3512 tur
422 3449 550 3512 bellum
569 3449 753 3531 spirituale,
774 3447 864 3530 quod
889 3459 941 3512 est
964 3449 1038 3524 salsi
1057 3457 1177 3511 contra
1195 3468 1322 3524 verum,
1343 3469 1382 3512 ac
1402 3451 1469 3512 veri

349 3554 471 3606 contra
501 3544 620 3607 salsum
653 3541 700 3625 (n,
726 3558 796 3624 500,
819 3543 889 3624 586,
910 3541 1008 3625 707);
1041 3564 1099 3626 per
1128 3541 1341 3607 “Sedentem
1373 3565 1469 3627 super

350 3636 472 3720 Equo”
490 3637 692 3720 intelligitur
715 3638 881 3701 Dominus
904 3640 1015 3721 quoad
1035 3638 1187 3702 Verbum
1213 3635 1259 3719 (n.
1279 3639 1351 3712 820,
1372 3639 1467 3720 821);

350 3743 385 3796 et
404 3734 481 3814 quia
500 3753 567 3796 non
588 3753 739 3815 pugnare
758 3747 901 3815 possunt
921 3743 1041 3796 contra
1060 3732 1174 3815 Ipsum
1195 3731 1389 3808 Dominum,
1409 3734 1467 3796 sed

351 3837 471 3890 contra
490 3828 613 3890 Divina
632 3848 711 3890 vera
730 3826 838 3909 Ipsius
858 3848 942 3910 quae
962 3829 995 3891 in
1015 3826 1132 3890 Verbo
1151 3837 1239 3901 sunt,
1261 3837 1296 3890 et
1320 3828 1367 3890 sic
1387 3848 1467 3910 quo-

349 3943 414 4004 que
430 3933 584 4004 pugnant
600 3932 721 3985 contra
741 3922 936 3997 Dominum,
954 3924 1030 4004 quia
1050 3922 1216 3985 Dominus
1235 3932 1287 3985 est
1305 3921 1466 3996 Verbum,

349 4016 427 4080 ideo
449 4018 482 4080 id
513 4038 573 4099 per
596 4017 751 4081 “bellum
782 4017 893 4080 facere
923 4037 1000 4079 cum
1031 4015 1181 4080 Sedente
1211 4035 1312 4098 super
1342 4016 1466 4099 Equo‚”

349 4111 570 4193 intelligitur:
603 4113 693 4194 quod
724 4131 783 4194 per
814 4111 1055 4174 “exercitum''
1086 4109 1318 4192 significentur
1348 4112 1404 4194 qui
1433 4111 1466 4172 in

350 4205 480 4269 Divinis
502 4208 589 4269 veris
612 4216 701 4281 sunt,
722 4207 770 4269 ita
792 4203 964 4269 abstraile
987 4206 1110 4269 Divina
1133 4204 1235 4280 Vera,
1258 4206 1399 4287 proinde
1421 4205 1467 4268 illi

348 4301 404 4381 qui
430 4321 449 4363 e
473 4319 563 4364 novo
587 4299 694 4365 Caelo
716 4310 751 4363 et
781 4320 800 4362 e
824 4320 913 4362 nova
938 4299 1094 4363 Ecclesia
1118 4299 1254 4362 Domini
1278 4310 1368 4375 sunt,
1392 4299 1466 4382 quia

348 4395 438 4476 apud
456 4394 533 4458 illos
552 4406 631 4458 sunt
650 4395 773 4457 Divina
792 4413 882 4470 vera,
903 4395 1057 4458 videatur
1076 4414 1175 4476 supra
1197 4392 1243 4476 (n
1261 4393 1350 4476 826).

408 4485 509 4569 834.
535 4497 620 4564 [Vm.
634 4497 689 4563 aa]
715 4485 781 4548 “fe
801 4487 1022 4590 nummisma
1046 4491 1098 4549 ul
1119 4485 1235 4558 Bestia,
1261 4491 1295 4548 ot
1321 4506 1390 4548 oum
1415 4484 1465 4547 illa

349 4575 613 4669 pseudopropheta
626 4596 678 4658 pur
674 4577 775 4639 iecit
791 4576 1339 4660 siponaonamilla,puilumiu1il
1355 4575 1466 4656 6οοίρὶ-

348 4670 438 4728 anm
452 4659 670 4728 alaeaetmar
684 4665 819 4739 Baetim
835 4673 870 4729 et
888 4661 1082 4731 raonem
1068 4665 1228 4750 inopinam
1242 4666 1332 4748 ejurf
1336 4665 1462 4747 'signi-
