3384 5400
512 710 592 762 cau.
609 711 697 773 xlx„
714 710 816 761 vans.
833 708 963 760 are-rr.
980 696 1051 777 837.
1069 672 1071 677 ⁵
1278 708 1341 777 739

218 883 301 949 dum
318 891 498 965 praecepta
518 881 658 946 Domini
677 881 712 945 in
743 880 848 945 Verbo
869 903 952 965 quae
973 889 1142 957 noverant,
1165 902 1209 944 en
1237 879 1342 944 Verbo

215 978 370 1064 judicati
390 976 647 1059 perennc-Per
671 976 867 1059 “reliquos''
889 976 1124 1057 intelliguntur
1147 995 1265 1039 omnes
1296 996 1340 1038 ex

218 1074 314 1137 varia
330 1073 460 1135 haeresi
474 1072 563 1135 inter
578 1070 806 1146 Reformatos,
823 1072 878 1155 qui
898 1091 965 1134 non
981 1072 1139 1134 vixerunt
1155 1070 1340 1133 secundum

218 1176 405 1251 praecepta
421 1163 558 1229 Domini
574 1167 607 1228 in
624 1164 741 1229 Verbo
755 1186 840 1250 quae
858 1175 1034 1240 noverant,
1047 1186 1133 1247 quae
1149 1175 1228 1227 sunt
1243 1184 1340 1247 prae·

219 1271 324 1344 cepta
340 1258 517 1341 Decalogi,
533 1262 583 1323 ita
600 1261 656 1344 qui
675 1279 744 1322 non
762 1260 893 1341 fugiunt
910 1259 1001 1322 mala
1019 1268 1055 1322 ut
1074 1268 1237 1341 peccata;
1261 1277 1340 1321 nam

218 1358 275 1439 qui
298 1356 383 1419 haec
403 1375 472 1418 non
494 1356 543 1418 ita
560 1355 703 1437 lugiunt,
724 1356 757 1417 in
780 1357 890 1418 omnis
912 1356 1046 1436 generis
1065 1353 1162 1417 malis
1180 1363 1270 1429 sunt,
1290 1354 1340 1416 in-

219 1450 334 1514 sident
353 1452 443 1513 enim
462 1449 528 1513 illis
550 1469 571 1512 a
593 1451 774 1512 nativitate
796 1460 831 1513 et
855 1450 932 1513 inde
951 1451 994 1513 ab
1012 1449 1152 1512 infantia
1171 1468 1275 1531 usque
1298 1448 1341 1510 ad

218 1542 324 1607 finem
347 1545 448 1618 vitae,
472 1552 508 1607 et
538 1544 688 1626 quotidie
711 1545 915 1617 increscunt,
940 1544 966 1606 si
990 1563 1058 1606 non
1082 1563 1141 1625 per
1163 1543 1340 1625 paeniten-

220 1640 305 1701 tiam
329 1635 497 1701 adtualem
521 1646 746 1701 removentur.
792 1637 844 1701 De
875 1638 925 1701 bis
952 1638 1073 1701 dicitur
1096 1638 1185 1719 quod
1211 1637 1342 1701 “occisi
1368 1685 1374 1705 .

219 1735 290 1797 sint
312 1733 497 1814 romphaea
516 1730 674 1795 Sedentis
694 1752 794 1813 super
812 1731 912 1814 Equo
922 1731 948 1793 :”
980 1752 1039 1814 per
1060 1730 1218 1795 “occidi'’
1237 1732 1341 1814 signi-

219 1825 342 1891 ficatur
370 1826 424 1889 hic
455 1835 491 1890 ut
521 1846 622 1908 saepe
653 1827 752 1908 prius,
777 1826 995 1908 spiritualiter
1024 1826 1143 1901 occidi,
1168 1826 1259 1909 quod
1288 1836 1342 1891 est

219 1923 330 2005 perire
359 1921 470 2003 quoad
500 1922 668 1997 animam;
700 1940 759 2003 per
784 1920 1032 2002 “romphaeam
1054 1918 1213 1984 Sedentis
1243 1941 1342 2003 super

220 2015 333 2098 Equo,
351 2014 594 2097 procedentem
611 2035 655 2077 ex
674 2035 732 2077 ore
749 2014 857 2096 Ipsius
865 2013 879 2038 ”
895 2013 1126 2096 significantur
1142 2034 1221 2078 vera
1237 2013 1341 2078 Verbi

219 2110 410 2192 pugnantia
433 2119 553 2172 contra
575 2108 659 2172 salsa
681 2106 780 2186 mali;
804 2128 864 2191 per
888 2107 1091 2190 “gladium''
1114 2109 1215 2183 enim,
1241 2113 1342 2171 “ma-

220 2201 403 2267 chaeram”
416 2213 451 2266 et
465 2202 713 2284 “romphaeam
720 2201 735 2226 ”
746 2201 953 2284 significatur
963 2222 1078 2265 verum
1091 2222 1247 2285 pugnans
1259 2222 1342 2265 con·

221 2308 277 2362 tra
299 2297 419 2361 salsum
442 2306 477 2361 et
503 2297 624 2360 salsum
647 2317 803 2379 pugnans
826 2308 947 2360 contra
969 2317 1084 2360 verum
1110 2296 1156 2379 (n.
1179 2296 1253 2380 52);
1282 2299 1342 2361 sed

225 2386 410 2474 “gladius”
433 2401 486 2456 est
511 2397 639 2474 “super
660 2391 817 2468 femore,”
834 2392 912 2456 inde
936 2403 988 2456 est
1011 2412 1125 2474 pugna
1148 2413 1193 2455 ex
1215 2413 1341 2468 amore,

223 2487 435 2549 “machaera
443 2485 459 2511 '’
471 2496 524 2550 est
539 2486 601 2548 “in
618 2485 749 2561 manu,''
761 2485 840 2549 inde
852 2496 905 2551 est
921 2506 1035 2570 pugna
1047 2508 1091 2549 ex
1105 2488 1278 2569 potentia;
1302 2508 1341 2551 ac

225 2580 461 2663 “romphaea'’
476 2589 529 2643 est
546 2579 670 2655 “oris’'
685 2580 763 2644 inde
782 2590 836 2643 est
855 2600 969 2663 pugna
985 2602 1029 2643 ex
1046 2578 1217 2657 dodtrina;
1240 2602 1343 2665 quare

224 2675 438 2758 “romphaea
450 2674 638 2757 procedens
648 2695 693 2738 ex
706 2695 763 2739 ore
774 2672 911 2740 Domini
919 2675 934 2698 ”
943 2685 996 2739 est
1006 2696 1121 2758 pugna
1130 2686 1249 2740 contra
1260 2676 1343 2740 salsa

224 2791 269 2833 ex
289 2767 406 2832 Verbo
427 2768 473 2851 (n.
494 2771 562 2845 108,
584 2785 651 2850 117,
669 2768 758 2852 827),
779 2769 931 2834 Verbum
951 2771 1041 2834 enim
1064 2792 1108 2834 ex
1122 2759 1185 2834 'ore
1207 2771 1343 2842 Domini

224 2865 399 2946 processit.
445 2861 546 2945 Quod
564 2874 685 2945 agatur
704 2865 756 2928 hic
780 2864 1051 2946 depugnatum
1072 2865 1287 2941 ReformatiS,
1308 2876 1343 2928 et

225 2977 294 3020 non
317 2977 394 3021 cum
418 2955 624 3037 Babyloniis,
648 2967 701 3022 est
724 2959 800 3040 quia
824 2958 1012 3022 Reformati
1037 2959 1154 3040 legunt
1179 2958 1342 3035 Verbum,

224 3062 260 3116 et
276 3073 355 3115 vera
373 3052 419 3115 ibi
436 3062 629 3133 agnoscunt
648 3072 709 3133 pro
727 3051 857 3116 Divinis
873 3054 969 3116 veris.
1014 3051 1127 3116 Aliter
1145 3052 1342 3134 Babylonii:

225 3148 259 3210 hi
276 3146 412 3229 quidem
431 3157 623 3228 agnoscunt
639 3145 801 3221 Verbum,
819 3147 879 3210 sed
899 3167 1002 3229 usque
1022 3165 1089 3210 non
1108 3146 1141 3210 id
1161 3146 1290 3228 legunt,
1308 3159 1343 3211 et

225 3243 364 3325 quisque
383 3236 516 3323 spectat
534 3237 717 3303 did'tamina
736 3241 847 3323 Papae
866 3242 965 3324 priori
983 3239 1069 3315 loco,
1090 3250 1125 3304 et
1144 3241 1259 3324 procul
1283 3262 1343 3324 pro

225 3335 379 3418 aequali;
408 3355 510 3417 quare
528 3354 605 3397 cum
624 3333 690 3397 illis
713 3354 781 3397 non
805 3335 876 3397 dari
899 3345 1015 3417 potest
1034 3333 1143 3418 aliqua
1163 3355 1276 3417 pugna
1299 3358 1343 3399 ex

226 3430 362 3508 Verbo;
394 3438 525 3511 ponunt
548 3429 651 3492 etiam
681 3448 717 3491 se
747 3449 847 3511 supra
876 3428 920 3502 id,
945 3438 980 3492 et
1012 3448 1080 3490 non
1110 3429 1172 3492 sub
1195 3429 1274 3492 illo:
1308 3441 1344 3493 at

225 3545 330 3608 usque
353 3525 387 3588 hi
405 3522 597 3604 judicantur
620 3543 664 3585 ex
684 3521 810 3598 Verbo,
831 3533 866 3586 et
890 3544 935 3586 ex
953 3519 1089 3586 dictatis
1109 3523 1219 3605 Papae
1238 3543 1343 3606 quan-

226 3630 299 3684 tum
318 3619 401 3682 haec
421 3616 632 3688 concordant
652 3637 727 3680 cum
744 3615 870 3680 Verb0.

285 3715 383 3797 837.
411 3713 476 3776 “fr
497 3731 602 3776 omnes
625 3731 698 3776 uvas
720 3713 856 3777 cunutus
879 3718 954 3777 sunt
976 3733 1018 3777 οι
1038 3714 1183 3778 nunnitus
1203 3715 1344 3789 eorun,''

225 3811 394 3894 significat
417 3810 507 3893 quod
520 3808 616 3892 genii
633 3810 815 3889 infernales
837 3832 880 3874 ex
899 3809 1163 3892 concupiscentiis
1187 3811 1272 3875 mali
1293 3834 1344 3875 co·

225 3928 312 3981 rum,
331 3914 510 3988 quaesunt
522 3905 669 3986 propria
685 3926 807 3983 rorum,
826 3907 929 3988 qnasi
943 3905 1196 3970 alaman-Per
1214 3911 1323 3971 “aves
1331 3907 1345 3934 '¹

226 4000 460 4084 significantur
481 3999 566 4063 salsa
588 4020 673 4082 quae
695 4021 740 4064 ex
764 3999 900 4064 Inserno
923 4011 1020 4078 sunt;
1052 4011 1088 4064 et
1110 4003 1187 4083 quia
1216 4003 1250 4064 in
1279 4002 1345 4065 illis

224 4097 318 4160 falsis
335 4105 414 4158 sunt
433 4095 524 4176 genii
543 4093 731 4169 infernales,
750 4094 805 4177 qui
825 4115 986 4158 unacum
1005 4095 1195 4158 hominibus
1214 4107 1293 4160 sunt
1312 4097 1345 4160 in

225 4190 296 4272 ejus
308 4189 399 4253 salsis
411 4209 497 4271 quae
509 4187 578 4269 ejus
590 4189 713 4252 amoris
725 4199 815 4264 sunt,
826 4190 903 4252 ideo
915 4190 948 4252 hi
962 4210 1020 4272 per
1032 4195 1050 4222 ‘⁸
1060 4189 1162 4253 aves'’
1174 4191 1226 4254 hic
1240 4192 1345 4272 signi·

225 4283 388 4361 ficantur3
420 4284 524 4347 homo
546 4284 650 4346 etiam
673 4284 728 4365 qui
750 4284 784 4345 in
806 4283 872 4347 illis
895 4283 986 4347 falsis
1009 4273 1073 4360 est',
1097 4296 1175 4366 post
1198 4295 1345 4348 mortem

225 4379 264 4443 fit
290 4377 370 4442 talis
392 4377 530 4459 genius;
561 4377 651 4459 quod
682 4397 741 4460 per
765 4378 897 4442 “aves’'
920 4377 1055 4442 inutiles
1085 4389 1120 4441 et
1150 4379 1343 4454 damnosas,

226 4471 388 4556 imprimis
412 4471 603 4534 immundas
632 4480 668 4535 et
698 4491 839 4555 rapaces
868 4493 954 4554 quae
984 4491 1020 4535 se
1051 4493 1095 4535 ex
1126 4472 1346 4536 cadaveribus

228 4567 389 4640 nutriunt,
407 4563 638 4646 significentur
653 4564 820 4630 falsitates
838 4587 924 4648 quae
943 4567 1066 4629 amoris
1085 4576 1174 4643 sunt,
1191 4567 1346 4630 videatur

228 4679 326 4744 supra
351 4657 398 4742 (n.
415 4657 515 4742 757):
547 4678 607 4742 per
627 4659 798 4724 “tames''
816 4661 869 4724 hic
894 4659 1127 4743 significantur
1149 4659 1239 4738 mala
1262 4679 1344 4724 con·
