3384 5400
546 711 627 763 cnt‘.
643 712 1026 765 x1x.-MEMORA131LE.
1278 718 1339 786 743

223 887 338 941 nerunt.
363 876 502 934 dixerunt
526 879 563 934 ad
589 896 653 943 nos,
678 879 756 936 ‘Cur
806 881 947 937 domibus
970 882 999 937 in
1019 882 1127 953 quibus
1149 893 1234 939 erent
1256 886 1341 955 pueri

223 959 386 1014 intravistis
404 960 434 1014 in
453 960 559 1015 domos
577 960 656 1023 illes:
674 962 755 1017 unde
806 978 874 1016 cum
895 964 1044 1034 magistris
1063 964 1272 1035 propinquum,
1288 966 1340 1019 ubi

221 1040 307 1101 estis;
327 1056 382 1094 nos
394 1056 431 1094 ex
444 1040 570 1111 imperio
579 1042 755 1097 mandamus
805 1053 869 1096 erat
888 1042 1008 1113 planum
1028 1044 1105 1099 sicut
1122 1044 1268 1119 palaestra
1280 1045 1341 1101 ele·

221 1120 398 1176 titubatis!
805 1132 916 1177 vatum.
952 1123 1340 1187 Actenebantsemanibus,

256 1200 340 1255 “Sed
353 1202 569 1273 respondimus,
583 1202 667 1257 ‘Non
686 1214 754 1275 pot-
805 1201 1338 1275 etintruveruntinpalaestramillam,

220 1282 293 1337 estis
306 1281 335 1335 id
349 1298 386 1337 ex
398 1283 525 1353 imperio
534 1284 690 1348 mandam
707 1300 754 1339 es·
805 1282 856 1337 ubi
869 1300 994 1347 eramus,
1007 1294 1038 1339 et
1050 1282 1296 1355 exspeclavimus.

219 1362 260 1417 tis
278 1361 399 1432 quidem
411 1378 467 1418 vos
487 1363 516 1417 in
535 1364 630 1419 oculis
647 1366 753 1421 vestris
840 1364 958 1419 “Erant
979 1364 1020 1419 ibi
1038 1366 1166 1436 cespites
1186 1381 1224 1421 ex
1245 1366 1339 1421 humo

219 1442 298 1497 sicut
309 1440 462 1505 Enachim‚
472 1453 502 1497 et
513 1444 614 1514 illiqui
625 1444 674 1500 hic
683 1457 753 1502 sunt
804 1443 881 1499 sicut
898 1444 1042 1508 colliculi:
1061 1462 1150 1517 super
1168 1445 1226 1501 illis
1243 1462 1275 1501 se
1294 1462 1340 1502 re·

219 1524 299 1577 sicut
325 1523 549 1588 homunciones.
574 1527 627 1581 sed
659 1542 752 1597 usque
805 1526 964 1594 ponebant,
976 1542 1043 1580 nam
1054 1526 1195 1581 dixerunt
1208 1526 1285 1581 inter
1297 1542 1337 1587 se.

219 1602 295 1657 nihil
316 1605 473 1673 potestatis
492 1615 522 1661 et
540 1606 615 1677 juris
637 1606 753 1663 habetis
805 1602 927 1660 ‘Corum
948 1605 1005 1661 illis
1018 1623 1078 1661 non
1092 1616 1213 1668 stemus,
1227 1607 1278 1661 sed
1292 1622 1338 1661 se·

219 1684 753 1755 hienisilorteperastutiasetribus
804 1686 945 1740 desumus.¹

218 1765 752 1840 vestrisdiversoriishic,quaetamen
839 1765 902 1821 “Et
926 1777 998 1821 tnnc
1024 1782 1102 1822 unus
1128 1782 1165 1821 ex
1196 1766 1262 1829 illis,
1287 1766 1339 1836 qui

218 1862 281 1901 non
299 1846 456 1910 ualebunn
476 1863 566 1917 quare
585 1850 753 1906 renuntiate
804 1846 905 1915 potuit
925 1862 957 1901 se
981 1846 1077 1902 facere
1098 1862 1240 1917 apparere
1261 1846 1338 1901 sicut

216 1927 334 1989 vestris.
355 1925 444 1998 Quod
467 1944 522 1983 nos
542 1946 560 1984 e
582 1929 673 1985 Caelo
694 1930 753 1985 huc
803 1927 928 1997 angelus
945 1926 1028 1989 lucis.
1048 1927 1096 1981 cui
1114 1944 1133 1982 a
1151 1926 1271 1997 reliquis
1293 1926 1338 1981 in-

217 2006 301 2061 missi
314 2007 415 2069 simus,
428 2008 466 2062 sd
479 2008 660 2064 visitandum
680 2028 751 2065 num
802 2004 939 2077 junctum
965 2007 1021 2062 iuit
1042 2008 1220 2069 cumnohis
1245 2008 1336 2078 loqui.

216 2088 298 2157 apud
311 2104 366 2142 vos
384 2088 424 2143 sit
444 2087 561 2161 Religio
573 2090 621 2144 vel
640 2106 708 2153 non,
721 2102 753 2146 et
804 2086 895 2141 dixit:
931 2086 1149 2158 ‘Proposuistis
1182 2088 1268 2142 nobis
1303 2099 1337 2142 ut

215 2168 242 2222 si
267 2184 338 2230 non,
363 2184 380 2223 e
408 2168 476 2224 loco
501 2169 560 2224 isto
583 2170 751 2241 ejiciemini.
802 2167 969 2238 aperiamus
1001 2179 1132 2222 mentem
1165 2167 1203 2222 de
1235 2168 1337 2239 primis

216 2246 489 2319 Quareproponite
503 2250 559 2304 illis
572 2251 638 2313 hoc,
649 2251 678 2306 in
690 2269 752 2323 quo
803 2248 901 2302 verbis
932 2249 961 2302 in
993 2246 1136 2303 Oratione
1168 2246 1334 2310 Dominica.

216 2328 375 2399 estipsum
387 2329 551 2385 Essentiale
563 2330 711 2387 Ecclesiae
721 2344 752 2388 et
802 2328 957 2397 quomodo
968 2328 1016 2383 itta
1027 2328 1228 2400 intelligimus.
1260 2327 1336 2383 Dico

217 2410 289 2464 inde
312 2409 491 2481 Religionis:
521 2410 683 2483 Quomodo
708 2414 751 2467 in·
804 2407 903 2478 ireque
921 2408 1015 2471 vobis
1034 2409 1116 2478 quod
1136 2408 1336 2479 intelligamus

215 2489 359 2561 telligunt
377 2492 450 2546 haec
462 2494 552 2546 verba
565 2492 595 2545 in
608 2491 751 2548 Oratione
803 2486 854 2542 illa
875 2488 931 2543 ita:
958 2487 1047 2560 Quod
1070 2489 1214 2543 orandum
1238 2490 1277 2544 sit
1298 2490 1335 2549 ad

217 2570 391 2627 Dominioe:
409 2571 536 2627 ‘Pnrsn
548 2584 672 2628 nosrns
684 2572 749 2645 Qut
804 2567 901 2623 Deum
922 2568 1056 2631 Patrem
1074 2569 1187 2641 etquis
1198 2568 1335 2625 Christus

215 2662 252 2708 us
277 2662 314 2706 ns
339 2651 465 2715 cistis,
491 2664 751 2711 ssucnmcnrun
792 2640 848 2703 'est
863 2646 999 2704 Salvator
1008 2658 1118 2712 noster,
1128 2659 1160 2706 et
1172 2666 1225 2720 per
1239 2648 1336 2720 ipsius

216 2732 337 2788 nonen
353 2733 464 2797 Toou,
479 2747 649 2789 noverunt
668 2735 750 2790 Rso-
802 2730 940 2784 meritum
963 2731 1119 2793 minamur,
1141 2732 1223 2801 quod
1248 2747 1336 2786 oran-

214 2825 291 2868 nun
325 2813 435 2875 Tuon,
470 2826 544 2869 rtur
578 2826 751 2871 votums
801 2811 873 2864 dum
886 2811 924 2865 ad
940 2811 1035 2866 Deum
1050 2810 1169 2866 Patrem
1183 2827 1219 2866 ex
1232 2811 1291 2866 fide
1305 2812 1334 2864 in

214 2894 289 2949 Tun
302 2904 399 2948 s1cur
418 2906 453 2949 ns
468 2893 578 2953 cnuto
597 2907 700 2951 emm
714 2909 749 2951 m
802 2887 899 2960 ipsius
913 2890 1070 2945 meritum!

213 2975 348 3030 Tm
837 2969 921 3025 “Sed
940 2981 1012 3026 tunc
1030 2971 1160 3026 diximus
1179 2971 1244 3034 illis,
1263 2970 1335 3026 ‘Su-

249 3063 268 3086 ··
276 3055 334 3110 llis
342 3055 453 3112 auditis
460 3057 603 3112 dixerunt
612 3057 749 3128 primum,
801 3065 868 3106 mus
886 3067 923 3105 ex
941 3051 1084 3106 societate
1096 3050 1177 3106 Caeli
1193 3067 1269 3122 quae
1281 3067 1335 3106 vo·

212 3134 311 3209 ‘Quid
325 3137 407 3201 hocf
424 3147 456 3192 et
465 3137 574 3193 deinde
585 3139 667 3209 quod
681 3155 749 3210 pro-
800 3141 886 3188 catur
907 3131 1050 3194 Michael;
1078 3141 1109 3186 et
1130 3131 1211 3186 missi
1232 3147 1335 3186 sumus

211 3229 371 3290 ponerent
799 3211 838 3267 ad
858 3209 1041 3270 visimdum
1062 3222 1093 3266 et
1113 3211 1333 3282 inquirendum.

248 3297 314 3353 “Et
330 3298 487 3354 abiverunt
499 3308 531 3354 et
543 3299 682 3354 dixerunt
701 3299 750 3354 illa
800 3309 873 3347 num
888 3292 973 3348 vobis
993 3291 1022 3346 in
1042 3292 1141 3349 lucum
1161 3291 1243 3346 illum
1262 3307 1335 3346 con-

209 3378 749 3451 udsuos,quiresponderunt,⁴9uae
799 3373 930 3444 gregatis
951 3373 991 3428 sit
1011 3372 1112 3443 aliqua
1137 3371 1264 3444 Religio,
1285 3371 1334 3426 vel

208 3471 242 3516 et
262 3459 361 3530 qualis
382 3460 455 3514 haec
474 3459 657 3530 propositio!
706 3460 748 3514 At
800 3469 875 3514 non;
894 3463 925 3508 et
938 3452 995 3507 hoc
1009 3467 1069 3507 non
1083 3451 1335 3522 possumussliter

208 3539 747 3611 intellexeruntarcanum,quod⁴vel-
799 3547 981 3604 cognoscere
993 3547 1082 3602 quam
1103 3549 1155 3602 per
1171 3531 1334 3604 interroge-

207 3625 278 3680 lent
299 3621 383 3682 scire,
406 3636 477 3674 num
501 3621 550 3674 illa
570 3621 749 3676 confirmant
799 3613 914 3667 tionem
934 3614 972 3667 de
992 3611 1071 3674 Deo:
1093 3611 1159 3667 idea
1177 3612 1256 3667 enim
1278 3611 1334 3668 Dei

206 3705 294 3760 viam
307 3700 378 3755 fidei
391 3710 510 3754 nostrae
521 3701 559 3754 ad
580 3700 676 3755 Deum
692 3701 748 3756 pa.
800 3694 891 3748 intret
908 3693 938 3747 in
952 3708 1042 3747 omne
1062 3691 1219 3764 religionis,
1232 3701 1264 3746 et
1282 3708 1334 3762 per

205 3781 310 3842 trem!
361 3778 459 3853 Quare
484 3781 630 3844 dixerunt,
656 3780 748 3836 ‘sunt
801 3773 881 3827 illam
901 3773 934 3827 fit
946 3771 1129 3844 conjunclio,
1142 3783 1174 3827 et
1193 3789 1245 3843 per
1261 3788 1334 3826 con·

204 3864 393 3922 elaraverbo
404 3862 485 3932 quod
498 3862 643 3916 orandum
657 3863 746 3917 sitad
797 3851 983 3924 junclionem
1018 3853 1151 3908 salvatio.
1207 3851 1270 3906 Nos
1302 3853 1332 3906 in

207 3947 313 4002 Deum
334 3941 468 4004 Patrem:
485 3951 517 3997 et
528 3942 600 4011 quie
611 3941 747 3998 Christus
799 3932 1249 4004 Caelolegimusquotidieillam
1259 3932 1332 3988 Ort·

204 4033 319 4082 mter
335 4021 472 4076 Salvator
489 4032 542 4085 est,
559 4022 641 4093 quod
660 4039 747 4077 omn.
799 4015 921 4076 tionem,
940 4013 1018 4068 sicut
1036 4012 1173 4068 homines
1193 4013 1221 4067 in
1240 4023 1331 4074 terra:

203 4103 377 4161 dumsitad
389 4101 486 4157 Deum
495 4102 614 4157 Patrem
626 4113 748 4173 propter
798 4105 829 4148 et
848 4105 921 4148 tunc
941 4109 1000 4147 ⁰01¹
1021 4093 1187 4163 cogitamus
1206 4093 1244 4147 de
1265 4092 1331 4147 Deo

204 4183 341 4243 Filium:
375 4182 413 4237 Et
421 4198 492 4238 mox
502 4175 530 4236 in
543 4181 746 4253 indignatione
800 4173 974 4244 Patre.quia
982 4173 1205 4234 invisibilis.sed
1214 4173 1251 4227 de
1261 4171 1331 4242 Ipso

202 4264 432 4325 conciueemnt,
448 4262 530 4335 quod
548 4262 665 4318 adirent
682 4279 746 4326 nos,
799 4255 829 4308 in
850 4253 961 4308 Divino
978 4251 1121 4309 Humano
1134 4251 1204 4316 Suo,
1217 4253 1288 4322 quia
1301 4254 1329 4306 in

202 4343 436 4405 mutuarentur
447 4354 602 4403 oretenusz
617 4343 747 4399 dicendo
799 4333 869 4389 Hoc
881 4333 1074 4395 estvisibilis;
1092 4344 1124 4388 et
1138 4331 1248 4404 ipsein
1262 4331 1331 4388 Hoc

202 4429 302 4486 etiam
310 4426 393 4496 quod
401 4424 574 4480 vellicarent
582 4439 668 4479 aum
678 4440 746 4479 nos·
797 4414 919 4472 avobis
937 4423 1062 4470 vocatur
1080 4411 1225 4476 Christus,
1242 4413 1294 4468 sed
1313 4429 1331 4468 a

201 4513 279 4556 tras.
798 4494 885 4549 nobis
899 4493 1060 4558 Dominus;
1078 4502 1109 4548 et
1121 4493 1164 4548 sic
1183 4491 1330 4548 Dominus

242 4587 260 4608 ⁶·
270 4575 475 4634 Etiemeloco
484 4574 535 4628 ilio
543 4574 707 4637 exiverunt,
715 4585 747 4630 et
798 4572 1183 4631 nobisestPaterinCaelo.
1219 4572 1328 4628 Docuit

201 4663 399 4717 intraverunt
417 4655 447 4709 in
465 4656 575 4718 lucum,
591 4653 668 4710 binis
688 4655 746 4711 iilis
798 4655 889 4710 etiam
904 4654 1060 4716 Dominus.
