3384 5400
552 663 632 715 cnr.
648 664 749 727 xvn,
766 665 869 716 unus.
883 665 994 732 4-u.
1010 668 1082 736 727·
1229 681 1236 695 ·
1309 653 1372 736 627

346 835 382 886 od
394 834 590 898 'legumentum
600 845 694 900 portae
702 837 761 888 atrii
773 837 867 901 (Exod.
881 835 981 890 xxviilll
992 837 1049 902 16);

346 903 382 951 od
395 901 536 964 Ephodum
549 901 642 964 (Exod.
656 905 746 954 xxviii.
761 904 802 965 ⁶);

346 968 382 1017 od
396 967 522 1017 Baitheus
534 967 628 1030 (Exod.
642 969 732 1018 xxviii.
745 969 786 1031 8);

345 1033 381 1081 od
395 1030 532 1082 Pectorale
543 1033 633 1096 judicii
644 1032 737 1096 (Exod.
752 1031 930 1096 xxviiil'115);

328 1098 381 1147 uod
394 1096 527 1147 Fimbriae
539 1099 611 1161 pallii
625 1099 729 1162 Ephodi
741 1098 833 1161 (ΕΜ.
849 1100 940 1151 xxviii.
954 1101 1012 1162 392

328 1163 382 1212 uod
394 1162 503 1214 Pennus
516 1163 624 1214 Cocciul
636 1179 717 1228 super
728 1179 811 1228 penes
823 1165 950 1216 facierum
962 1166 1057 1230 (Num.
1071 1167 1107 1218 lv.
1119 1165 1152 1230 8).

249 1317 309 1382 Ex
335 1319 387 1383 his
413 1329 519 1401 patet,
542 1321 622 1403 quid
649 1340 708 1403 per
731 1327 937 1404 “purpuram
964 1333 1000 1387 et
1026 1323 1230 1399 coccinum,”
1252 1314 1396 1407 quibus

249 1415 494 1478 circuminduta
509 1417 662 1496 apparuit
682 1415 802 1480 Mulier
818 1417 940 1480 sedens
956 1437 1055 1500 super
1071 1417 1186 1481 Bestia
1201 1421 1370 1492 coccinea,

249 1507 468 1590 significatur.
512 1507 672 1574 Similiter
690 1511 723 1574 in
742 1513 970 1593 sequentibus,
990 1513 1045 1574 ubi
1064 1513 1194 1587 dicitur,

303 1671 385 1722 “Vae
394 1672 458 1721 urbs
469 1685 576 1734 magna,
589 1686 656 1736 quae
668 1673 762 1721 induta
771 1671 844 1722 luisti
856 1675 940 1736 bysso
951 1683 978 1724 et
991 1673 1112 1737 Purpura
1122 1683 1150 1724 et
1161 1673 1286 1733 Cocclno,
1298 1673 1372 1724 innu-

381 1747 440 1787 rata
448 1737 647 1800 auroetlapide
656 1739 774 1800 pretioso
782 1747 810 1788 et
818 1740 987 1801 margaritis:
1005 1740 1207 1803 quiaunahors
1214 1741 1372 1790 devastatae

382 1811 445 1852 sunt
457 1813 547 1852 mnne
558 1802 688 1852 divitiae'¹
701 1804 787 1867 (Apoc.
798 1805 872 1855 xviii.
885 1805 924 1863 16,
938 1807 994 1864 17);

302 1865 336 1918 Et
347 1868 417 1932 quod
433 1867 552 1932 Purpura
563 1877 590 1918 et
601 1866 756 1928 Coecinum,
768 1883 871 1928 aurum,
885 1869 954 1932 lapis
966 1871 1098 1932 pretiosus
1110 1879 1137 1919 et
1148 1871 1316 1934 margaritae,
1330 1885 1372 1921 es·

381 1943 442 1984 sent
453 1935 524 1983 inter
534 1947 636 1984 merces
649 1933 796 1998 Babylonis
807 1935 895 1999 (Apoc.
908 1936 982 1986 xviii.
999 1936 1048 1999 12).
1115 1983 1121 1988 .

310 2089 406 2173 726.
433 2087 1370 2172 ‘ftinuuootnsumatlupidepoetioso,''significatDivi-

248 2201 329 2244 num
346 2179 473 2244 Bonum
488 2189 522 2243 et
537 2178 698 2244 Divinum
722 2180 841 2245 Verum
856 2181 1044 2262 spirituale,
1061 2190 1239 2263 quaesunt
1261 2179 1368 2256 Verbi,

247 2276 345 2356 apud
358 2275 549 2339 illos—Per
569 2280 712 2338 “aurum
720 2275 735 2300 ”
753 2275 960 2358 significatur
978 2277 1105 2341 bonurn
1126 2273 1172 2356 (n.
1190 2273 1287 2358 211);
1311 2296 1370 2357 per

248 2370 426 2452 “lapidem
445 2371 628 2452 pretiosum
637 2369 652 2394 ”
667 2369 874 2452 significatur
889 2391 1004 2434 verum
1025 2369 1072 2453 (n.
1089 2386 1161 2450 231,
1183 2385 1253 2451 540,
1273 2368 1369 2452 570);

248 2476 427 2548 utrumque
446 2463 569 2528 Verbi:
594 2465 684 2547 quod
707 2465 832 2529 bonum
855 2475 891 2528 et
909 2485 1025 2528 verum
1048 2464 1220 2548 spirituale
1240 2463 1368 2546 signifi-

248 2569 354 2633 cetur,
383 2569 435 2622 est
458 2560 535 2642 quia
561 2579 620 2641 per
644 2565 851 2641 “purpuram
877 2568 912 2622 et
940 2560 1114 2622 coccinum
1124 2559 1138 2584 ”
1160 2557 1370 2640 significatur

248 2655 374 2719 bonum
388 2664 422 2718 et
434 2673 549 2718 verum
563 2653 721 2729 caeleste,
732 2673 772 2717 ac
786 2664 964 2737 utrumque
979 2655 1012 2716 in
1025 2651 1142 2718 Verbo
1154 2652 1368 2735 conjungitur

248 2759 387 2832 propter
405 2748 595 2829 conjugium
614 2748 692 2812 boni
711 2758 746 2812 et
765 2750 834 2812 veri
857 2749 901 2812 ibi
922 2748 969 2830 (n.
991 2745 1106 2831 3731⁸¹),
1125 2768 1165 2812 ac
1184 2748 1309 2811 bonum
1333 2760 1368 2812 et

248 2862 363 2907 verum
382 2841 541 2917 caeleste,
561 2844 637 2925 quia
657 2852 734 2905 sunt
755 2843 888 2916 amoris,
908 2854 986 2907 sunt
1006 2844 1040 2905 in
1060 2863 1120 2905 sua
1138 2844 1286 2906 essentia
1307 2842 1368 2905 bo-

250 2936 357 3013 numl⁴¹
372 2958 411 3001 ac
435 2939 561 3001 bonum
584 2946 619 3001 et
638 2958 753 3001 verum
773 2937 956 3020 spirituale,
975 2939 1052 3021 quia
1070 2946 1148 3001 sunt
1170 2938 1366 3019 sapientiae,

249 3043 326 3096 sunt
349 3034 384 3096 in
407 3052 466 3095 sua
487 3033 637 3095 essentia
659 3052 794 3107 verum;
828 3033 919 3113 quod
946 3033 1071 3095 bonurn
1094 3042 1129 3095 et
1152 3051 1267 3095 verum
1291 3051 1367 3095 cae·

249 3126 336 3190 leste
351 3128 418 3189 sint
434 3127 567 3198 amoris,
584 3145 623 3188 ac
640 3124 764 3189 bonum
781 3135 815 3189 et
831 3146 947 3189 verum
963 3126 1136 3207 spirituale
1151 3128 1218 3189 sint
1233 3116 1367 3207 sapienl

250 3222 327 3295 tiae,
351 3221 505 3283 videatur
528 3239 627 3302 supra
651 3218 698 3300 (n.
721 3217 810 3301 725).
860 3218 949 3301 Quid
972 3229 1147 3302 praeterea
1168 3218 1368 3300 intelligitur

249 3336 308 3397 per
317 3314 408 3397 quod
421 3313 540 3377 Mulier
550 3314 632 3376 haec
643 3315 833 3395 apparuerit
845 3314 894 3377 ita
904 3314 1146 3378 circuminduta
1156 3322 1191 3376 et
1203 3314 1366 3386 inaurata,

248 3408 403 3472 videatur
421 3410 453 3471 in
472 3407 698 3490 praecedente
716 3407 869 3471 articulo.

308 3514 398 3584 7η.
425 3499 491 3562 ‘ft
508 3499 724 3582 morpooiiis,''
739 3498 907 3580 significat
922 3499 1125 3581 cognitiones
1145 3498 1224 3561 boni
1235 3508 1268 3561 et
1281 3500 1366 3571 veri,

248 3602 431 3675 quaesunt
463 3590 571 3664 Verbi,
594 3592 689 3671 apud
710 3590 902 3655 ilion—Per
925 3592 1154 3672 “margaritas
1163 3590 1178 3615 ”
1200 3592 1232 3653 in
1260 3588 1367 3654 Sensu

249 3686 422 3768 spirituali,
435 3684 665 3767 significantur
677 3686 890 3766 cognitiones
902 3686 982 3749 boni
998 3695 1033 3750 et
1046 3686 1115 3748 veri
1127 3693 1198 3748 tam
1210 3684 1368 3748 caelestis

249 3800 349 3863 quam
371 3780 561 3863 spiritualis,
580 3798 666 3861 quae
689 3800 734 3842 ex
754 3779 870 3843 Verbo
892 3789 982 3852 sunt,
1002 3781 1035 3841 in
1057 3781 1169 3861 specie
1191 3800 1236 3842 ex
1259 3776 1368 3841 Sensu

249 3875 367 3939 literae
382 3875 471 3955 ejus;
490 3884 525 3937 et
542 3875 618 3956 quia
634 3874 865 3955 “margaritae
873 3873 888 3898 ”
901 3872 1091 3955 significant
1108 3872 1182 3936 illas
1198 3873 1366 3953 cognitio·

250 3989 319 4045 nes,
347 3969 424 4033 ideo
451 3970 666 4032 nominantur
692 3978 771 4050 post
799 3972 1007 4050 “purpuram
1034 3976 1069 4029 et
1097 3966 1301 4041 coccinum,”
1327 3986 1366 4029 ac

249 4072 327 4144 post
346 4068 489 4125 “aurum
507 4074 543 4125 et
562 4062 709 4144 lapidem
730 4061 941 4144 pretiosum.”
984 4060 1135 4125 Eaedem
1154 4061 1367 4142 cognit10nes

249 4155 480 4238 significantur
497 4176 557 4239 per
576 4158 805 4238 “margaritas
813 4156 827 4181 ”
845 4156 879 4219 in
898 4156 949 4219 his
969 4155 1070 4218 locis:

299 4323 417 4377 “Simile
432 4332 475 4374 est
492 4324 615 4387 Regnum
634 4322 776 4374 Cselorurn
791 4323 951 4387 negotiatori
964 4322 1101 4386 quaerenti
1119 4320 1243 4385 pulchras
1261 4318 1367 4383 Marga-

375 4389 451 4456 ritae,
462 4390 507 4452 qui
518 4404 578 4439 cum
591 4388 739 4439 invenisset
749 4404 831 4438 unam
843 4388 987 4452 pretiosam
1002 4386 1186 4450 Margaritam,
1196 4386 1291 4436 abiens
1304 4402 1356 4436 ven

378 4454 444 4505 didit
456 4454 547 4504 omnia
558 4469 625 4519 quae
636 4454 736 4515 habuit,
750 4465 777 4504 et
788 4455 854 4503 emlt
864 4454 938 4503 illam
947 4452 962 4473 '¹
973 4452 1081 4516 (Matri.
1096 4453 1151 4503 sill.
1161 4464 1203 4515 45,
1213 4453 1272 4515 46);

250 4606 414 4692 perhanc
433 4604 639 4690 significatur
657 4606 808 4689 cognitio
826 4607 869 4671 de
888 4606 1046 4671 Domino.
