3384 5400
338 647 402 730 756
659 659 907 711 srocnnrrsrs
930 659 1141 711 narsum.

339 854 399 916 per
419 830 614 897 “securim''
630 832 664 895 in
687 830 753 895 iilis
776 829 860 895 locis
884 828 1092 913 significatur
1113 829 1234 895 salsum
1257 852 1302 895 ex
1326 832 1457 916 propria

339 926 588 1009 intelligentia3
619 946 722 990 causa
751 936 815 999 est,
847 928 924 1008 quia
956 945 1015 1007 per
1046 926 1221 989 “ferrum''
1251 926 1457 1008 significatur

339 1042 456 1086 verum
474 1022 508 1086 in
526 1020 665 1096 ultimis,
685 1020 775 1103 quod
792 1029 936 1083 vocatur
953 1039 1069 1083 verum
1088 1019 1255 1096 sensuale,
1272 1020 1363 1104 quod
1381 1040 1455 1085 cum

339 1126 515 1199 separatur
535 1136 557 1179 a
577 1136 659 1179 vero
677 1114 834 1178 rationali
857 1122 893 1177 et
916 1114 1079 1196 spirituali
1097 1116 1240 1178 vertitur
1260 1117 1295 1179 in
1317 1114 1456 1193 salsum3

339 1212 430 1293 quod
453 1212 497 1274 sit
517 1209 638 1274 laisum
657 1230 702 1272 ex
725 1209 859 1292 propria
876 1208 1114 1289 intelligentia,
1134 1218 1188 1271 est
1206 1210 1284 1291 quia
1301 1210 1456 1274 sensuale

338 1316 392 1369 est
414 1307 449 1369 in
471 1306 607 1388 proprio
632 1301 801 1384 (videatur
823 1322 854 1365 n.
873 1301 963 1385 424).
1010 1301 1151 1385 Propter
1171 1302 1266 1367 illam
1289 1304 1456 1387 significa-

338 1403 468 1465 tionem
488 1399 591 1462 “ferri
599 1398 614 1422 ”
631 1408 667 1461 et
687 1396 871 1472 “securis'’
890 1396 1088 1494 mandatum
1108 1406 1160 1461 est

388 1546 467 1613 Quod
483 1546 507 1597 si
524 1546 708 1595 aedificaretur
725 1545 815 1595 Altare
833 1545 977 1607 lapideum,
991 1545 1174 1595 aedificaretur
1191 1560 1224 1595 cx
1241 1545 1374 1609 lapidibus
1392 1547 1457 1597 inte-

468 1613 533 1675 gris,
546 1623 574 1661 et
585 1612 657 1675 quod
675 1611 784 1661 Ferrum
802 1625 858 1660 non
876 1619 1030 1659 moveretur
1041 1625 1121 1673 super
1137 1610 1248 1673 lapides,
1262 1626 1297 1661 ne
1307 1614 1458 1675 prophana·

468 1686 542 1728 retur
552 1677 646 1740 (ΕΜ.
657 1690 701 1726 xx.
712 1689 744 1726 aa
757 1674 803 1741 [B.
814 1679 850 1725 A.
862 1670 905 1740 as]
917 1690 923 1734 ;
940 1674 1033 1727 Deutr.
1046 1676 1126 1726 xxvii.
1140 1676 1172 1737 5).

340 1823 453 1906 Quare
471 1823 515 1885 dc
533 1820 680 1903 Templo
699 1818 1014 1901 Hierosolymitano
1033 1821 1116 1883 haec
1137 1820 1310 1884 dicuntur:

389 1964 1458 2092 ‘imiliteffifflzlziiltdtntutillima&

470 2101 493 2164 (1
506 2102 568 2165 Reg.
580 2100 614 2151 vi.
630 2096 695 2162 7l¹l);

338 2254 379 2299 ac
402 2232 560 2307 vicissim,
584 2231 640 2294 ubi
669 2230 781 2311 agitur
802 2228 845 2293 de
868 2228 1028 2312 sculptili,
1052 2248 1111 2312 per
1137 2228 1227 2312 quod
1251 2228 1458 2311 significatur

339 2328 461 2392 falsum
478 2347 523 2390 ex
542 2326 675 2408 propria
693 2323 932 2405 intelligentia,
952 2324 1083 2399 dicitur,

388 2485 467 2551 Quod
478 2495 604 2548 operetur
613 2484 641 2533 id
653 2482 743 2541 Ferro,
759 2482 870 2545 Forcipe
881 2496 929 2531 seu
941 2480 1031 2531 Securi
1042 2490 1070 2532 et
1082 2480 1189 2531 Maiieia
1200 2479 1284 2547 (Esaj.
1295 2480 1359 2532 xliv.
1373 2480 1427 2545 12);

339 2627 564 2714 quodfalsum
581 2648 625 2691 ex
642 2628 774 2712 propria
786 2624 1015 2710 intelligentia
1027 2624 1234 2709 significetur
1246 2647 1305 2710 per
1318 2626 1458 2712 “sculp-

339 2725 423 2790 tile'’
440 2735 477 2788 et
497 2724 681 2798 “idolum''
696 2724 852 2786 videatur
870 2742 969 2804 supra
990 2721 1037 2804 (n.
1054 2722 1145 2806 459).

399 2819 500 2903 848.
527 2819 1458 2904 “Erasinosadoraveruntdoair'ommcqucimnpr'ncmojur,

340 2933 439 2996 nequo
453 2920 643 2996 caespes-uni
658 2914 874 2977 characterem
894 2932 989 2996 cuper·
1009 2913 1110 2978 ironia
1130 2933 1189 2977 eun
1210 2921 1244 2978 oi
1262 2934 1460 2997 superruens

339 3004 579 3085 eun.''-Quod
608 3003 775 3086 significet
800 3003 862 3085 qui
888 3024 952 3067 non
980 3015 1189 3085 agnoverunt
1211 3014 1244 3068 et
1268 3015 1459 3087 receperunt

340 3097 525 3160 doctrinam
543 3096 584 3160 de
596 3095 673 3160 sola
688 3095 781 3172 Fide,
801 3105 898 3179 patet
920 3097 963 3160 ab
981 3096 1162 3180 explicatis
1180 3115 1281 3180 supra
1300 3095 1348 3180 (n.
1367 3097 1456 3181 634),

341 3191 395 3254 ubi
415 3191 536 3256 similia
553 3191 666 3254 verba.

400 3287 503 3370 849.
531 3287 1095 3369 “ftnxmnioirepnmruntoum
1105 3286 1225 3352 chrisio
1234 3287 1459 3362 millenum,''

340 3379 510 3462 significat
539 3379 599 3461 qui
613 3379 771 3462 jamdum
799 3380 835 3443 in
864 3379 1082 3461 consimiltime
1101 3400 1174 3442 cum
1194 3379 1336 3444 Domim
1364 3392 1397 3444 et
1424 3381 1458 3445 in

339 3474 455 3555 Regno
485 3474 600 3554 Ipsius
623 3474 767 3552 fuerunt
797 3473 1158 3556 alr'quamdr'u.-“Qui
1191 3477 1349 3540 vixerunt
1383 3495 1457 3539 cum

342 3568 500 3633 Christo”
524 3567 692 3649 significat
714 3568 770 3650 qui
800 3569 833 3630 in
857 3565 1094 3648 conjundiione
1117 3588 1194 3632 cum
1217 3569 1367 3632 Domino
1389 3570 1457 3633 lue-

340 3672 429 3736 runt,
462 3664 539 3744 quia
572 3661 620 3725 ilii
648 3663 786 3740 vivunt;
821 3663 904 3744 “qui
934 3672 1162 3744 regnaverunt
1192 3683 1269 3726 cum
1301 3663 1458 3728 Christo”

340 3755 511 3839 significat
540 3758 596 3839 qui
625 3757 659 3818 in
682 3756 806 3837 Regno
830 3757 938 3838 Ipsius
961 3757 1104 3830 fuerunt,
1129 3757 1171 3820 de
1201 3777 1268 3840 quo
1291 3760 1457 3840 sequitur;

339 3852 432 3935 quod
455 3871 515 3933 per
538 3850 659 3914 “mille
681 3850 813 3914 annos'’
836 3849 1044 3932 significetur
1066 3851 1281 3934 aliquamdiu,
1307 3854 1458 3917 videatur

340 3966 441 4028 supra
461 3944 508 4027 (n.
527 3944 616 4026 842).
661 3943 757 4008 Haec
776 3943 965 4009 dictasunt
984 3946 1026 4008 de
1045 3945 1184 4029 illisqui
1206 3948 1239 4009 in
1259 3948 1330 4010 vita
1348 3949 1457 4010 suain

341 4039 469 4103 mundo
485 4039 661 4103 coluerunt
681 4039 876 4114 Dominum,
894 4049 929 4104 et
946 4040 1130 4103 secundum
1150 4052 1333 4123 praecepta
1352 4041 1458 4124 Ipsius

341 4134 375 4196 in
398 4133 516 4197 Verbo
538 4134 706 4208 vixerunt,
731 4143 766 4196 et
797 4123 876 4215 post
900 4144 1045 4197 mortem
1069 4135 1229 4198 custoditi
1253 4145 1343 4210 sunt,
1368 4155 1410 4199 ne
1438 4155 1458 4197 a

342 4228 541 4292 Draconicis
559 4228 818 4304 seducerentur3
842 4229 891 4292 ita
909 4229 964 4311 qui
984 4227 1135 4308 jamdum
1154 4229 1358 4311 aliquamdiu
1377 4249 1457 4293 con·

338 4320 445 4404 juniii
468 4322 600 4386 luerunt
625 4322 784 4396 Domino,
808 4330 844 4385 et
867 4323 1056 4386 consociati
1077 4323 1209 4404 angelis
1231 4322 1325 4386 Caeli
1348 4323 1457 4407 quoad

342 4417 511 4480 interiora.
555 4415 657 4498 Quod
677 4421 849 4497 “regnare
872 4435 949 4479 cum
973 4417 1144 4480 Domin0”
1163 4436 1230 4479 non
1254 4419 1297 4480 sit
1318 4437 1457 4500 regnare

342 4528 420 4574 cum
437 4509 526 4593 Ipso,
540 4511 601 4574 sed
616 4529 691 4572 esse
706 4509 739 4572 in
757 4509 881 4592 Regno
898 4510 1005 4592 Ipsius
1021 4530 1081 4592 per
1096 4508 1367 4592 conjundiionem
1383 4529 1457 4576 cum

344 4603 433 4687 Ipso,
448 4604 605 4668 videatur
623 4623 732 4686 supra,
750 4624 781 4667 n.
799 4607 870 4686 284
915 4603 1014 4669 Solus
1033 4605 1122 4670 enim
1142 4605 1308 4668 Dominus
1326 4613 1456 4688 regnat,
