3384 5400
354 676 430 758 778
687 682 935 737 APOCALYPSIS
958 680 1169 732 REVELATA.

368 860 451 914 nisus
469 858 506 913 ad
524 858 683 929 agendum.
695 856 748 927 qui
766 855 801 909 fit
817 852 902 909 attus
953 852 1044 907 modo
1057 862 1130 908 tunc
1148 862 1248 923 potest
1262 852 1376 909 bonurn
1389 868 1407 907 a
1420 850 1481 907 Deo

368 940 499 997 exterior
528 939 690 994 accedente
722 936 902 993 determina·
952 942 984 988 et
1003 934 1114 989 maium
1134 935 1172 989 ab
1193 933 1317 989 homine
1334 933 1481 1005 conjungi.

368 1022 467 1084 tione:
480 1036 571 1090 quare
581 1028 707 1074 conatus
716 1018 902 1080 etvoiuntas,
952 1024 984 1069 et
1003 1013 1046 1069 sic
1065 1012 1250 1084 conjunctim
1272 1015 1434 1085 procedere
1455 1014 1483 1067 in

353 1102 447 1157 ,sicut
469 1098 555 1156 atius
580 1097 711 1161 interior,
732 1107 904 1168 acceptatur
952 1092 1061 1151 assum.
1112 1094 1150 1149 Et
1174 1094 1326 1165 proprium
1355 1094 1485 1151 hominis

369 1184 407 1237 ab
427 1181 510 1236 omni
531 1181 674 1250 sapiente.
696 1179 768 1249 quia
787 1184 814 1233 a'
828 1177 902 1240 Deo,
953 1175 983 1229 in
1002 1176 1090 1230 rebus
1111 1176 1215 1231 salutis
1232 1175 1376 1231 continue
1394 1175 1486 1247 spirat

369 1267 500 1332 prorsus'
527 1261 605 1316 sicut
643 1258 728 1315 adius
764 1259 903 1321 exterior,
953 1256 1108 1317 meritum
1126 1266 1157 1311 et
1168 1266 1313 1326 quantum
1329 1256 1389 1312 hoc
1407 1256 1485 1317 iacit.

369 1343 462 1397 modo
473 1358 534 1397 non
546 1341 668 1397 deficiat
680 1341 805 1412 quando
815 1340 905 1395 datur
952 1344 1070 1389 tantum
1088 1337 1213 1408 derogat
1235 1336 1367 1393 Domino
1380 1334 1486 1408 ipatus

368 1423 481 1493 copia)
952 1417 1101 1479 meritum,
1113 1418 1194 1490 quod
1207 1428 1254 1475 est
1264 1434 1382 1473 summa
1395 1418 1486 1489 injus-

406 1503 479 1559 Poet
491 1502 565 1557 haec
574 1501 716 1557 descendi
730 1517 782 1571 per
791 1500 904 1572 gradus
953 1498 1019 1553 titia
1037 1508 1068 1553 et
1087 1499 1233 1569 impietae.
1268 1498 1377 1562 Verbo.
1390 1500 1415 1557 si
1434 1502 1487 1555 bo-

368 1579 903 1653 eTernploSapientiae‚etambuiavi
953 1594 1033 1641 num,
1056 1579 1137 1649 quod
1164 1578 1245 1635 Deus
1266 1596 1319 1650 per
1340 1579 1485 1650 Spiritum

370 1666 400 1717 in
413 1664 552 1727 hortoet
561 1663 622 1718 vidi
635 1662 753 1733 aliquos
764 1662 905 1717 cedentes
953 1656 1097 1714 Sanfium
1111 1660 1140 1713 in
1160 1660 1281 1717 homine
1293 1670 1443 1731 operatur,
1457 1661 1486 1715 in

369 1745 425 1800 sub
446 1745 575 1815 quadam
601 1744 685 1798 iauru
709 1742 904 1797 comedentes
953 1739 1084 1795 hominis
1095 1740 1171 1795 veile
1190 1751 1221 1795 et
1239 1740 1308 1797 inde
1327 1741 1425 1799 faeere
1444 1742 1487 1797 in·
1510 1764 1515 1773 ·

369 1825 451 1881 ficus.
488 1825 537 1879 Ad
551 1825 618 1879 iiico
631 1823 749 1883 secessi.
762 1834 794 1877 et
812 1822 904 1893 petivi
953 1821 1066 1883 flueret,
1087 1821 1117 1875 id
1140 1823 1253 1877 bonum
1271 1823 1396 1877 omnino
1416 1840 1487 1878 eon·

369 1908 408 1961 ab
432 1905 490 1960 iilis
513 1905 595 1967 ficus.
620 1920 657 1959 ac
680 1904 843 1965 dederunt:
874 1911 905 1957 et
953 1904 1486 1974 spurcareturetquoqueprophana-

368 2002 439 2043 ecce
460 1985 533 2041 ficus
555 1986 586 2039 in
608 2001 698 2040 manu
720 2000 789 2039 mea
808 1981 905 2038 iudae
954 1982 1486 2055 retur;quodtamenDeusnusquam

370 2075 538 2121 auntuvae.
954 2064 1109 2133 permittit.
1148 2063 1253 2119 Potest
1262 2064 1383 2135 quidem
1395 2066 1487 2121 homo

405 2145 495 2219 Quod
513 2162 583 2201 curn
602 2147 727 2201 miratus
740 2161 817 2205 sum.
829 2144 906 2199 dixit
954 2144 1066 2198 bonum
1075 2146 1158 2214 quod
1171 2144 1249 2209 iacit.
1260 2147 1392 2218 cogitare
1403 2148 1486 2219 quod

370 2226 444 2281 mihi
464 2226 592 2297 Spiritus
609 2226 769 2297 angelicus.
782 2225 835 2296 qui
853 2225 907 2280 ad·
954 2224 993 2281 sit
1012 2241 1030 2280 a
1050 2224 1125 2288 Deo,
1142 2236 1174 2281 et
1197 2226 1226 2280 id
1246 2242 1353 2283 vocare
1374 2229 1486 2289 bonum

370 2308 804 2370 hucmecumerat.“1·'1cusin
815 2324 905 2363 manu
955 2304 1011 2360 Dei
1033 2322 1086 2375 per
1107 2322 1147 2367 sc.
1166 2322 1202 2361 ac
1221 2306 1299 2362 sicut
1320 2324 1338 2363 a
1358 2325 1408 2372 κς
1435 2310 1487 2365 sed

370 2401 424 2444 tua
441 2387 537 2445 faune
554 2399 626 2444 aunt
643 2405 727 2451 uvae,
743 2388 814 2458 quia
831 2388 906 2444 ficus
954 2402 1048 2456 usque
1079 2386 1139 2441 hoc
1168 2402 1229 2443 non
1259 2390 1489 2459 comprehendi·

369 2486 411 2525 e}
436 2469 701 2539 correspondentie
736 2468 906 2540 significant
954 2466 1047 2521 mus.''

370 2552 450 2606 bona
468 2549 622 2605 charitatis
640 2560 673 2604 et
692 2548 762 2603 inde
782 2548 852 2604 fidei
875 2549 904 2603 in
989 2546 1047 2601 Sed
1073 2557 1145 2602 tunc
1166 2546 1269 2617 apemi
1294 2558 1435 2611 mentem.
1457 2558 1488 2604 et

370 2631 498 2685 naturali
515 2646 569 2685 eeu
586 2640 714 2683 externo
730 2629 863 2691 homine,
875 2639 906 2683 at
954 2627 1023 2690 dixi.
1037 2626 1128 2682 “Non
1142 2628 1405 2700 comprehenditis,
1418 2630 1489 2702 quia

371 2727 447 2767 uvae
465 2712 545 2766 bona
561 2710 717 2766 chariratis
734 2720 766 2765 et
784 2710 854 2766 fidei
876 2711 905 2765 in
953 2709 1092 2780 cogitatis
1099 2726 1135 2764 er
1145 2710 1325 2780 apparentia.
1333 2721 1366 2765 et
1375 2713 1489 2783 cogita·

370 2791 517 2862 spirituaii
526 2807 580 2846 seu
590 2791 709 2846 interno
718 2791 858 2854 homine;
875 2800 906 2845 et
952 2790 998 2844 tio
1012 2806 1049 2844 ex
1067 2791 1242 2860 apparentia
1253 2790 1432 2846 confirmata
1443 2803 1489 2848 cet

370 2873 441 2943 quia
463 2887 548 2927 amos
569 2870 744 2941 spiritualia.
768 2871 837 2927 ideo
865 2872 907 2928 ita
953 2869 1077 2926 fallacia.
1113 2870 1422 2941 Apparentiaetinde
1435 2872 1489 2928 iai·

370 2950 483 3007 iactum
501 2962 547 3007 est
565 2951 638 3006 tibi:
656 2952 686 3006 in
702 2962 809 3008 nostro
824 2953 904 3007 enim
953 2950 1185 3014 laciavobiseet
1195 2950 1489 3024 quiacreditiequod

372 3033 486 3086 rnundo
502 3032 604 3087 omnia
621 3031 697 3086 fiunt
715 3042 747 3087 et
764 3034 905 3096 existunt,
953 3031 1055 3087 omnia
1062 3047 1139 3103 quae
1148 3031 1241 3088 homo
1250 3033 1315 3087 vult
1323 3042 1354 3088 et
1363 3033 1489 3105 coffitat.

370 3127 403 3168 et
420 3129 541 3183 quoque
559 3122 720 3175 mutantur,
739 3114 904 3168 secundum
953 3122 984 3167 et
997 3113 1066 3166 inde
1086 3111 1156 3167 iacit
1173 3123 1205 3168 et
1223 3113 1363 3183 loquitur,
1377 3115 1439 3170 sint
1459 3117 1489 3170 in

370 3191 677 3262 correspondentiam·
955 3193 1013 3257 iiio,
1038 3203 1070 3248 et
1094 3203 1312 3264 consequenter
1335 3209 1373 3249 ex
1405 3195 1490 3266 ipso;

408 3271 447 3328 Et
458 3284 532 3328 tunc
543 3289 592 3328 rne
604 3272 776 3342 supervenit
789 3272 905 3328 deside·
952 3291 1020 3329 curn
1029 3285 1129 3329 tamen
1141 3275 1327 3330 nihileorurn
1337 3277 1426 3331 estin
1438 3277 1490 3333 iiio

372 3355 449 3410 rium
481 3353 594 3408 sciendi
625 3354 780 3424 quomodo
812 3353 905 3408 homo
954 3365 1071 3425 praeter
1089 3366 1201 3410 statum
1224 3355 1385 3426 recipiendi
1405 3358 1490 3428 quod

372 3445 472 3504 potent
493 3433 590 3489 iacere
609 3433 721 3488 bonum
741 3450 760 3489 a
780 3433 857 3496 Deo,
874 3445 905 3489 et
954 3435 1059 3489 influit.
1104 3435 1207 3490 Homo
1227 3451 1287 3490 non
1307 3445 1353 3492 est
1372 3437 1440 3500 vita
1460 3439 1490 3492 in

371 3526 471 3570 tamen
489 3514 656 3575 cicutam:
674 3529 766 3584 quare
779 3514 904 3570 interro·
952 3532 992 3579 se,
1017 3516 1070 3570 sed
1101 3525 1147 3571 est
1171 3531 1315 3588 organum
1341 3517 1490 3587 recipiens

371 3594 439 3666 gavi
451 3595 645 3649 comedentes
656 3595 737 3655 ficus.
750 3596 904 3665 quomodo
951 3597 1040 3652 vitae.
1078 3595 1226 3651 Dominus
1244 3595 1332 3652 Solus
1350 3606 1398 3652 est
1418 3597 1491 3654 Vita

372 3675 413 3728 illi
427 3675 456 3728 id
469 3675 737 3744 comprehendunt.
953 3678 982 3732 in
997 3677 1044 3739 Se.
1057 3686 1091 3732 ut
1104 3693 1224 3748 quoque
1241 3676 1308 3748 Ipse
1320 3676 1395 3732 dicit
1407 3679 1490 3750 apud

407 3754 555 3810 Dixerunt
583 3755 665 3824 quod
697 3771 759 3810 non
789 3755 905 3826 possint
959 3757 1141 3831 Jokannm:

372 3836 403 3891 id
423 3835 511 3889 aliter
530 3835 793 3904 comprehendere.
814 3851 903 3906 quarn
983 3883 989 3903 ,

370 3915 452 3986 quod
471 3914 555 3970 Deua
565 3925 707 3984 operetur
725 3915 754 3969 id
774 3915 854 3970 intus
874 3915 903 3968 in
996 3877 1491 3998 Qoeffiemfflixffiflffivffiss

370 3996 546 4058 hominene
558 4011 612 4065 per
620 3995 774 4050 hominem
782 3996 905 4066 quando
1058 4001 1139 4046 viram
1147 3999 1490 4058 habeoeinSelpeo·(v.2⁶;

371 4077 421 4132 rue
434 4076 463 4131 tn
477 4075 588 4138 nescim
606 4075 749 4146 quoniam
768 4077 794 4130 si
811 4075 904 4130 nomo
1057 4060 1490 4166 93201601212121‚u202p.11.25;02p.

371 4158 401 4212 id
413 4156 561 4212 consciret
572 4165 604 4211 et
615 4156 659 4212 sic
675 4155 784 4210 iaceret
796 4156 904 4211 cicuta
1058 4133 1105 4167 arv.
1133 4122 1199 4179 ’Ψ

370 4254 411 4300 se,
432 4237 623 4308 quodetiam
642 4245 689 4291 est
709 4235 806 4290 iacere
825 4253 844 4290 a
863 4253 903 4297 se.
953 4233 1031 4292 Sunt
1054 4234 1116 4290 duo
1140 4251 1216 4306 quae
1246 4232 1360 4289 iaciunt
1383 4235 1490 4298 vitam,

371 4333 432 4372 non
446 4316 556 4372 iaceret
573 4317 685 4371 bonum
704 4318 757 4371 sed
775 4317 904 4372 molum:
952 4315 1300 4386 amoretsapientia;seu
1307 4315 1392 4386 quod
1400 4316 1490 4376 idem.

371 4405 483 4476 “omne
496 4398 576 4451 enirn
586 4397 667 4468 quod
680 4397 718 4452 ab
728 4396 858 4459 homine,
869 4408 903 4452 ut
952 4398 1065 4451 bonurn
1078 4397 1188 4452 amoris
1204 4406 1235 4451 et
1246 4411 1350 4452 verum
1368 4398 1491 4468 sapien·

369 4479 407 4532 ab
421 4477 823 4548 ipoo,procedit,procedita
836 4495 904 4549 pro-
952 4478 1020 4532 tiae.
1067 4475 1150 4532 Haec
1172 4477 1300 4532 influunt
1320 4493 1339 4532 a
1361 4475 1439 4540 Deo.
1459 4488 1491 4533 et

370 4557 436 4628 prio
454 4558 526 4627 ejus,
545 4574 581 4612 ac
599 4559 751 4628 proprium
773 4559 904 4614 hominis
954 4557 1136 4628 recipiuntur
1147 4560 1185 4613 ab
1202 4557 1334 4619 homine,
1346 4567 1378 4612 et
1395 4559 1491 4614 senti·

370 4653 390 4694 a
408 4637 564 4692 nativitate
585 4639 694 4693 maium
718 4649 772 4694 est.
820 4638 904 4712 Quo·
953 4649 1045 4694 untur
1058 4639 1087 4692 in
1101 4639 1221 4694 homine
1234 4638 1312 4694 sicut
1325 4639 1355 4693 in
1369 4639 1441 4705 illo;
1459 4648 1492 4695 et
