3384 5400
552 688 631 740 cna.
649 689 752 751 xxm,
770 687 871 738 vens.
892 690 973 756 17.-
983 689 1018 738 u.
1033 673 1105 758 95⁶·
1326 674 1387 756 863

270 861 322 926 hic
342 870 484 925 vocatur
499 858 689 941 “Sponsa'’
704 879 772 922 non
792 858 993 940 intelligitur
1011 856 1167 922 Ecclesia
1185 846 1233 921 ex*
1249 857 1315 921 illis
1333 859 1389 940 qui

268 957 302 1019 in
325 957 416 1020 falsis
434 954 511 1019 fidei
529 965 619 1029 sunt,
639 954 699 1017 sed
723 953 879 1018 Ecclesia
900 975 946 1025 ex
967 953 1034 1018 illis
1055 954 1111 1036 qui
1133 954 1168 1016 in
1190 955 1278 1016 veris
1299 952 1388 1025 fidei,

269 1051 303 1116 hi
326 1051 414 1115 enim
438 1050 632 1113 desiderant
655 1047 776 1123 lucem,
796 1049 936 1130 proinde
959 1047 1159 1112 Adventum
1183 1048 1331 1122 Domini,
1351 1059 1388 1111 ut

269 1165 369 1228 supra
389 1143 436 1228 (u
454 1143 544 1226 954)-

328 1248 432 1330 956.
461 1253 479 1282 ’
488 1246 525 1308 tr
537 1245 665 1308 audiena
679 1245 765 1308 dieat
785 1243 865 1316 Veni,
880 1243 1035 1308 ciciliam
1049 1244 1159 1317 unici,
1172 1250 1208 1308 ei
1220 1245 1321 1309 volam
1335 1265 1391 1307 no·

270 1335 361 1417 clirici
380 1356 490 1418 nquam
513 1336 590 1398 ritus
609 1335 748 1418 prulir,''
762 1333 930 1418 significat
945 1335 1036 1417 quod
1050 1335 1112 1416 qui
1124 1335 1190 1398 scit
1202 1335 1340 1417 aliquid
1349 1336 1390 1399 de

268 1428 426 1492 Adventu
444 1428 588 1504 Domini,
607 1429 696 1492 etde
713 1427 808 1490 Novo
830 1425 859 1492 C
858 1428 928 1490 arlo
942 1437 975 1491 et
990 1427 1032 1490 de
1047 1426 1146 1491 Nova
1163 1427 1320 1503 Ecclesia,
1339 1427 1390 1492 ita

269 1523 310 1586 de
322 1522 436 1605 Regno
446 1523 591 1598 Domini,
604 1533 675 1586 oret
690 1532 726 1586 ut
740 1521 875 1595 veniat;
897 1530 930 1584 et
943 1521 1034 1603 quod
1043 1521 1104 1604 qui
1115 1522 1285 1586 desiderat
1295 1544 1387 1596 vera,

268 1626 339 1680 oret
364 1629 401 1682 ut
425 1617 587 1682 Dominus
608 1639 680 1680 cum
698 1616 768 1680 luce
788 1616 923 1690 veniat;
955 1626 988 1679 ct
1008 1617 1068 1698 qui
1086 1627 1181 1680 amat
1202 1639 1295 1692 vera,
1314 1628 1392 1682 tunc

269 1723 459 1794 accepturus
482 1712 530 1776 sit
550 1713 612 1776 illa
635 1733 656 1775 a
678 1711 818 1775 Domino
836 1711 961 1793 absque
981 1732 1043 1774 sua
1065 1713 1282 1792 operm—Per
1301 1717 1389 1776 “au-2

269 1807 364 1870 diens
383 1807 474 1871 dicat
493 1806 582 1870 Veni
591 1807 605 1832 ”
623 1804 829 1889 significatur
845 1807 901 1888 qui
918 1807 1011 1869 audit
1030 1816 1066 1869 et
1084 1807 1162 1870 inde
1181 1808 1245 1870 scit
1263 1807 1387 1889 aliquid

269 1902 312 1965 de
325 1901 489 1965 Adventu
503 1901 650 1974 Domini,
665 1911 700 1964 et
714 1901 756 1964 de
771 1900 871 1962 Novo
885 1899 990 1963 Caelo
1003 1912 1038 1964 et
1052 1901 1094 1964 de
1110 1900 1207 1964 Nova
1221 1901 1387 1974 Ecclesia,

269 1995 316 2059 ita
335 1997 377 2059 de
402 1995 524 2078 Regno
548 1997 694 2070 Domini,
714 2005 788 2058 oret
811 2005 846 2057 ut
866 1995 1000 2072 veniat;
1031 2015 1091 2077 per
1111 1996 1279 2060 “sitiens’'
1297 1998 1388 2061 dicat

272 2091 412 2153 “veniat
422 2090 436 2114 ”
449 2090 655 2172 significatur
667 2091 722 2172 qui
735 2091 905 2153 desiderat
919 2089 1077 2171 Regnum
1094 2087 1242 2165 Domini,
1255 2101 1290 2154 et
1306 2102 1387 2154 tunc

269 2204 358 2260 vera,
373 2197 447 2248 oret
461 2195 497 2249 ut
510 2186 675 2248 Dominus
687 2205 762 2248 cum
776 2185 851 2247 luce
862 2184 976 2247 veniat
988 2206 996 2262 ;
1018 2204 1076 2265 per
1087 2183 1233 2248 “volens
1246 2186 1388 2268 accipiet

269 2297 390 2360 aquam
413 2281 503 2343 vitae
522 2281 628 2361 gratis
636 2279 651 2303 ”
669 2277 876 2360 significatur
898 2279 954 2360 qui
976 2297 1022 2341 ex
1036 2297 1154 2342 amore
1168 2279 1243 2343 vult
1259 2280 1388 2344 discere

269 2393 348 2436 vera
366 2385 402 2438 et
424 2375 639 2457 appropriare
657 2373 718 2436 sibi
742 2373 808 2448 illa,
829 2383 1029 2455 accepturus
1050 2375 1094 2436 sit
1116 2373 1175 2436 illa
1196 2395 1217 2437 a
1240 2373 1388 2437 Domino

269 2468 395 2552 absque
425 2489 484 2531 sua
513 2489 635 2550 opera,
669 2487 728 2550 per
756 2466 896 2530 “velle”
925 2466 1131 2549 significatur
1160 2487 1283 2543 amare,
1310 2469 1389 2550 quia

269 2564 358 2645 quod
378 2563 480 2626 homo
498 2583 542 2626 ex
563 2561 665 2626 corde
683 2561 756 2626 vuit
775 2561 838 2626 hoc
859 2571 963 2637 amat,
983 2572 1018 2626 ct
1037 2562 1128 2646 quod
1146 2572 1238 2626 amat
1258 2562 1322 2627 hoc
1341 2583 1388 2626 ex

270 2658 372 2722 corde
394 2657 487 2735 vult;
522 2677 581 2741 per
602 2661 751 2739 “aquam
775 2658 866 2721 vitae
876 2656 891 2682 '’
910 2655 1141 2739 significantur
1164 2657 1286 2721 Divina
1307 2677 1389 2722 vera

269 2772 328 2835 per
343 2752 494 2815 Verbum
511 2774 555 2815 ex
573 2752 721 2814 Domino
739 2750 784 2833 (n.
798 2751 898 2832 932);
921 2762 956 2815 et
972 2772 1031 2834 per
1048 2751 1206 2833 “gratis'’
1218 2750 1387 2833 significa-

268 2858 323 2911 tur
340 2847 467 2929 absque
485 2868 545 2909 sua
560 2865 672 2928 opera.
717 2844 845 2909 Similia
864 2867 923 2928 per
941 2846 1025 2909 haec
1044 2866 1131 2929 quae
1153 2848 1187 2909 in
1205 2846 1270 2909 hoc
1289 2868 1388 2911 versu

269 2941 499 3025 significantur
518 2962 576 3025 per
595 2941 678 3004 haec
698 2940 730 3004 in
751 2938 916 3005 Oratione
935 2940 1132 3004 Dominica:

319 3089 442 3205 “Veniret
466 3089 595 3219 Rp'gpursn³
608 3088 704 3215 ἷιιιιω,
724 3088 769 3139 liat
787 3088 919 3139 Voluntas
937 3088 1005 3148 Tua,
1023 3088 1092 3139 sicut
1111 3089 1140 3138 in
1160 3086 1244 3139 Caelo
1261 3090 1342 3141 etiam
1359 3092 1388 3141 in

423 3169 483 3205 erra
527 3170 553 3204 n.
596 3170 612 3218 9
632 3168 639 3213 ;

271 3316 291 3344 ‘⁶
300 3308 474 3392 Regnum”
486 3307 622 3372 Domini
635 3302 689 3372 est
702 3308 856 3371 Ecclesia
868 3329 954 3392 quae
966 3328 1069 3372 unum
1081 3308 1161 3372 iacit
1173 3328 1249 3372 cum
1261 3308 1366 3373 Caelo
1379 3330 1387 3384 ;

270 3424 371 3487 quare
387 3422 473 3467 nunc
491 3404 621 3477 dicitur,
640 3402 822 3465 “Audiens
838 3404 930 3466 dicat
946 3402 1047 3475 Veni,
1063 3412 1099 3467 et
1115 3404 1233 3466 sitiens
1245 3402 1388 3467 veniat.”

271 3497 370 3581 Quod
391 3497 533 3561 “sitire''
552 3496 720 3580 significet
740 3498 930 3561 desiderare
948 3518 1028 3561 vera
1046 3507 1183 3561 constat
1202 3518 1246 3561 ex
1265 3497 1336 3561 his:

321 3649 339 3673 ¹⁶
348 3648 490 3698 Eliundam
503 3661 587 3711 aquas
599 3661 679 3710 super
691 3646 839 3704 Sitientem,
854 3646 992 3695 eliundam
1004 3645 1126 3709 spiritum
1139 3644 1232 3695 Meum
1249 3659 1331 3710 super
1347 3660 1389 3697 sc·

400 3727 461 3762 men
475 3722 548 3761 tuum
556 3711 572 3731 ”
581 3712 666 3777 (Esaj.
678 3711 740 3761 xliv.
753 3714 794 3772 Ji:

321 3779 339 3804 ¹⁴
346 3778 442 3828 Omnis
449 3778 548 3829 Sitiens
556 3777 591 3827 ite
599 3778 631 3827 sd
639 3791 722 3841 aquas
733 3792 738 3835 ;
748 3778 828 3825 emite
836 3777 895 3826 sine
902 3786 1015 3839 argento
1020 3777 1113 3825 vinum
1120 3774 1388 3841 etlac''(Esaj.lv.1l:

321 3844 425 3911 “Jesus
437 3844 569 3899 clamavit,
584 3843 684 3899 dicens,
700 3843 725 3893 Si
739 3843 797 3907 quis
810 3842 936 3899 Sitiverit,
951 3843 1042 3892 venito
1054 3843 1089 3891 ad
1102 3840 1186 3891 Meet
1199 3842 1282 3891 bibito
1293 3857 1300 3900 ;
1317 3843 1389 3906 quia-

400 3910 458 3973 quis
468 3909 550 3958 credit
560 3908 586 3958 ln
597 3906 651 3967 Me,
663 3908 797 3957 fluminae
807 3918 900 3957 ventre
909 3907 968 3970 ejus
977 3907 1061 3958 fluent
1069 3921 1153 3971 aquae
1163 3907 1278 3957 viventis
1285 3906 1301 3927 ”
1309 3906 1386 3973 (Joi.

321 3973 578 4090 '‘Sititviininibiiieb
589 4039 623 4089 ad
636 4038 723 4088 Deum
737 4039 826 4088 vivum
835 4038 851 4057 '⁹
861 4038 971 4099 (Psalm.
984 4037 1039 4087 xlii.
1052 4051 1066 4099 3
1080 4034 1126 4103 [B.
1137 4039 1172 4087 A.
1184 4033 1239 4101 2]):

321 4105 339 4129 ⁸⁸
347 4104 512 4185 Deus,·Dcus
520 4120 595 4154 meus
603 4104 661 4161 Tu:
680 4104 739 4155 Sitit
748 4106 839 4154 anima
848 4118 909 4153 mea
917 4103 986 4163 Tibi,
998 4105 1086 4154 lassus
1097 4104 1156 4153 sine
1167 4102 1266 4167 aquis'’
1274 4101 1387 4165 (psalm.

321 4237 339 4260 ⁴⁸
347 4168 594 4299 Bealt'iiiluisiguiit'
601 4166 730 4298 iiiiiitiam
738 4234 754 4254 ”
764 4234 873 4295 (Mutii.
884 4250 910 4285 v.
921 4235 947 4297 6)
957 4248 964 4291 3

321 4301 405 4364 “Ego
417 4300 521 4351 Sitienti
533 4302 603 4350 dabo
615 4316 648 4350 ex
661 4301 736 4350 ionic
747 4316 831 4365 aquae
844 4302 915 4350 vitae
926 4298 1033 4363 gratis”
1043 4296 1130 4365 (Aper.
1140 4298 1195 4350 xxi.
1204 4298 1246 4361 ⁶);

271 4473 329 4537 per
340 4474 426 4537 quae
441 4452 647 4536 significatur
659 4454 748 4536 quod
766 4454 932 4517 Dominus
948 4452 1012 4516 illis
1028 4452 1083 4535 qui
1099 4452 1293 4516 desiderant
1308 4472 1388 4515 vera

271 4568 314 4610 ex
333 4547 445 4631 aliquo
464 4569 524 4611 usu
543 4548 716 4631 spirituali,
733 4549 872 4611 daturus
891 4549 934 4610 sit
950 4568 995 4611 ex
1011 4546 1056 4611 Se
1071 4566 1131 4629 per
1146 4546 1297 4609 Verbum
1313 4566 1387 4608 om-

272 4642 325 4705 nia
340 4663 425 4726 quae
442 4644 513 4705 usui
529 4642 576 4706 illi
591 4642 795 4706 conducunt.
841 4640 943 4724 Quod
959 4661 1019 4724 per
1034 4636 1153 4704 “sitim
1161 4640 1176 4665 '’
1191 4648 1227 4705 et
1244 4638 1388 4704 “sitire”
