3384 5400
375 639 441 720 ⁶¹4
697 651 944 704 APOCALYPSIS
966 651 1177 702 aevaeum.

375 838 434 896 est
451 821 653 896 ascendere
671 847 719 895 ex
737 821 885 918 abysso,
903 837 941 895 et
964 823 1003 894 in·
1022 821 1208 895 interitum
1225 822 1344 895 abire:
1371 837 1409 896 et
1426 821 1487 894 mi·

376 943 553 1015 rabuntur
577 940 785 1016 habitantes
810 967 922 1038 super
944 957 1051 1023 terra,
1075 967 1232 1038 quorum
1259 966 1334 1014 non
1361 941 1502 1038 scripta

376 1061 527 1133 nomina
550 1061 587 1132 in
615 1061 728 1134 Libro
751 1061 850 1134 vitae
876 1085 898 1134 a
923 1060 1137 1134 fundatione
1161 1059 1299 1142 mundi,
1323 1059 1490 1133 videntes

378 1178 550 1264 Bestiam,
568 1204 665 1276 quae
683 1197 763 1254 erat
780 1196 819 1254 et
837 1205 911 1254 non
930 1196 998 1265 est,
1016 1196 1178 1254 attamen
1197 1196 1265 1254 est

426 1321 460 1390 9.
497 1299 603 1374 llaec
626 1317 731 1373 mens
758 1298 899 1374 habens
922 1299 1162 1397 sapientiam:
1192 1314 1338 1396 septem
1362 1299 1492 1396 Capita

377 1417 529 1491 Montes
546 1435 633 1492 sunt
649 1435 805 1516 septem,
824 1420 887 1492 ubi
906 1419 1041 1492 Mulier
1056 1419 1164 1493 sedet
1179 1444 1292 1516 super
1308 1417 1386 1493 illis.

431 1561 485 1611 10.
521 1539 568 1612 Et
590 1540 718 1638 Reges
739 1556 884 1636 septem
902 1555 1007 1623 sunt;
1034 1539 1197 1636 quinque
1214 1538 1437 1622 ceciderunt,
1455 1554 1492 1610 et

376 1683 470 1731 unus
488 1675 554 1743 est,
568 1659 662 1734 alter
676 1660 840 1733 nondum
854 1661 976 1744 venit;
1003 1675 1042 1732 et
1055 1658 1206 1757 quando
1219 1658 1374 1741 venerit,
1388 1659 1490 1732 brevi

376 1776 475 1852 illum
494 1796 640 1876 oportet
658 1805 819 1854 manere.

430 1922 484 1972 11.
521 1899 568 1971 Et
595 1899 729 1983 Bestia,
753 1924 850 1996 quae
876 1915 956 1973 erat
982 1914 1020 1972 et
1043 1924 1117 1972 non
1143 1899 1210 1982 est,
1235 1899 1315 1996 ipsa
1337 1895 1492 1972 oetavus

375 2034 444 2102 est,
461 2018 509 2092 de
526 2036 672 2116 septem
689 2033 757 2100 est,
776 2035 814 2092 et
832 2018 868 2092 in
887 2018 1072 2093 interitum
1090 2018 1176 2092 abit

431 2163 484 2212 12.
520 2139 568 2213 Et
590 2139 722 2213 decem
746 2140 906 2223 Cornua,
930 2165 1027 2237 quae
1051 2139 1185 2223 vidisti,
1209 2138 1339 2213 decem
1364 2137 1492 2236 Reges

356 2261 470 2344 sunt,
489 2261 550 2358 qui
571 2285 728 2358 regnum
746 2260 912 2334 nondum
930 2276 1160 2357 acceperunt,
1178 2258 1246 2333 sed
1269 2274 1492 2356 potestatem

375 2398 553 2480 tanquam
573 2383 700 2480 Reges
718 2406 829 2455 unam
849 2381 976 2456 horam
994 2381 1178 2478 accipiunt
1195 2400 1284 2454 cum¹
1297 2380 1430 2453 Bestia

431 2525 484 2595 13.
523 2501 574 2575 Hi
600 2526 712 2575 unam
738 2502 960 2582 sententiam
986 2501 1135 2584 habent,
1160 2516 1198 2574 et
1223 2501 1427 2598 potentiam
1456 2516 1493 2573 et

374 2639 597 2721 potestatem
615 2647 720 2695 suam
740 2621 886 2696 Bestiae
904 2621 1060 2696 tradent.

430 2770 484 2837 14.
521 2744 572 2817 Hi
586 2769 668 2837 cum
682 2744 796 2841 Agno
809 2745 1033 2842 pugnabunt,
1047 2744 1113 2817 sed
1127 2744 1260 2842 Agnus
1272 2742 1392 2816 vincet
1404 2740 1491 2821 illos.

374 2868 459 2963 quia
483 2866 663 2938 Dominus
686 2863 916 2937 dominorum
939 2881 996 2938 est
1018 2880 1056 2938 et
1080 2864 1164 2937 Rex
1187 2887 1335 2962 regum,
1369 2864 1492 2959 etqui

374 3013 456 3060 cum
477 2987 572 3081 Ipso,
591 2984 719 3065 vocati,
737 2981 842 3056 eledti
861 2999 898 3056 et
914 2982 1051 3057 fideles.

430 3109 484 3180 15.
521 3106 567 3178 Et
589 3104 673 3177 dicit
695 3102 792 3186 mihi,
814 3103 946 3199 Aquae
967 3129 1057 3201 quas
1080 3104 1209 3187 vidisti,
1233 3102 1293 3176 ubi
1315 3102 1491 3175 Meretrix

373 3227 486 3309 sedet,
505 3224 626 3322 populi
644 3239 681 3297 et
697 3224 823 3297 turbae
840 3237 935 3306 sunt,
953 3240 990 3297 et
1006 3239 1136 3321 gentes
1153 3239 1191 3297 et
1207 3222 1362 3321 linguae.

430 3350 483 3418 16.
519 3344 567 3416 Et
587 3344 714 3416 decem
739 3343 886 3417 Cornua
908 3367 1002 3439 quae
1027 3342 1150 3415 vidisti·
1170 3368 1280 3440 super
1304 3342 1434 3425 Bestia,
1455 3344 1490 3416 hi

374 3464 460 3538 odio
484 3462 669 3536 habebunt
694 3461 936 3545 Meretricem,
958 3476 996 3535 et
1016 3461 1214 3536 desolatam
1238 3462 1366 3536 sacient
1386 3463 1490 3546 illam,

374 3600 411 3657 et
428 3583 573 3665 nudam,
592 3599 630 3654 et
646 3606 770 3655 carnes
788 3582 866 3679 ejus
884 3582 1089 3668 comedent,
1107 3598 1145 3655 et
1166 3582 1258 3656 illam
1276 3583 1492 3657 comburent

374 3703 469 3800 igne.

429 3840 483 3913 17.
519 3821 701 3917 Quoniam
722 3821 825 3894 Deus
838 3820 939 3895 dedit
951 3820 987 3895 in
1001 3822 1112 3896 corda
1125 3822 1261 3896 illorum
1276 3822 1394 3897 lacere
1407 3850 1489 3897 sen·

372 3943 521 4017 tentiam
536 3942 623 4039 ejus,
638 3957 676 4014 et
688 3940 805 4015 lacere
819 3967 928 4015 unam
943 3943 1170 4025 sententiam,
1182 3958 1221 4016 et
1233 3944 1322 4018 dare
1336 3970 1489 4043 regnum

373 4088 478 4137 suum
497 4061 649 4144 Bestiae,
668 4061 786 4136 donec
803 4060 1125 4137 consummenturffl
1142 4064 1256 4138 verba
1274 4050 1356 4138 Dei.

429 4186 483 4256 18.
518 4181 567 4254 Et
585 4180 727 4265 Mulier,
736 4206 850 4278 ,quam
868 4182 997 4267 vidisti,
1015 4198 1071 4257 est
1088 4182 1174 4257 urbs
1191 4210 1336 4283 magna,
1350 4184 1490 4260 habens

374 4327 527 4403 regnum
546 4328 657 4402 super
676 4302 802 4401 Reges
818 4320 946 4378 terrae.
