3384 5400
328 709 394 792 630
652 719 899 772 nnocnuvrsrs
921 721 1131 773 nsvnunrn.

252 951 257 962 ,
320 897 322 902 '
389 906 488 976 73⁰.
513 901 600 970 [Vm.
613 901 650 968 6.]
674 890 740 953 ‘tt
763 891 822 954 vidi
844 890 1000 955 lulianam
1025 890 1207 955 inebriatum
1234 912 1276 956 or
1297 911 1447 975 amum

330 989 508 1047 cunctorum
522 987 556 1044 or
570 1001 612 1045 or
625 981 775 1064 anquina
789 981 913 1044 madum
926 981 1041 1054 isco,''
1054 979 1223 1063 significat
1235 980 1448 1062 Reltffi'osum

327 1074 416 1138 illud
434 1073 602 1137 insanisns
624 1094 666 1135 ex
682 1072 884 1142 adsilientis
900 1083 933 1136 et
950 1073 1175 1154 prophanatis
1193 1072 1331 1136 Divinis
1354 1073 1448 1137 Veris

326 1179 359 1231 et
375 1168 479 1232 Bonis
496 1167 640 1240 Domini,
668 1166 768 1231 Verbi
781 1177 813 1230 et
830 1167 907 1231 riade
922 1166 1204 1232 Ecclesiae-Per
1220 1171 1239 1199 ‘⁴
1249 1166 1423 1239 Mulierem
1432 1168 1448 1192 ''

327 1261 534 1344 significatur
557 1261 766 1342 Religiosum
791 1261 884 1336 illud,
909 1271 1069 1344 utsupra
1093 1259 1140 1342 (n.
1163 1277 1236 1342 723,
1260 1261 1359 1342 725);
1389 1280 1448 1343 per

328 1357 533 1420 ''inebriari’'
556 1354 763 1438 significatur
790 1357 935 1419 insanire
964 1357 997 1419 in
1026 1354 1249 1438 spiritualibus
1278 1354 1325 1438 (n.
1349 1356 1445 1438 721);

327 1471 387 1534 per
421 1452 646 1532 “sanguinem
656 1450 670 1474 ”
703 1449 911 1531 significatur
943 1448 1141 1523 falsificati0,
1175 1449 1380 1514 adulteratio
1411 1461 1446 1513 et

327 1545 552 1628 prophanatio
575 1543 680 1607 Verbi
705 1543 752 1626 (n.
773 1559 845 1624 327,
866 1559 936 1625 379,
954 1544 1029 1618 681,
1047 1543 1147 1625 684);
1178 1563 1237 1625 per
1260 1542 1446 1607 “samios'’

328 1636 559 1718 significantur
574 1637 621 1701 illi
638 1639 692 1720 qui
708 1660 728 1702 a
746 1638 894 1702 Domino
909 1659 969 1720 per
984 1637 1135 1701 Verbum
1151 1638 1185 1701 in
1202 1638 1332 1701 Divinis
1348 1638 1445 1703 Veris

328 1741 417 1806 sunt,
437 1743 472 1794 et
495 1729 665 1797 abstraite
689 1732 811 1796 Divina
830 1753 911 1796 vera
934 1732 1080 1806 Domini,
1100 1731 1206 1795 Verbi
1224 1741 1260 1795 et
1282 1733 1361 1795 inde
1379 1731 1445 1796 Ec·

327 1826 450 1889 clesiae
475 1825 521 1907 (n.
545 1841 612 1906 173,
634 1827 703 1907 586,
722 1824 822 1908 666);
850 1847 908 1908 per
932 1833 1069 1890 “testes
1090 1826 1193 1908 Jesu”
1215 1824 1446 1907 significantur

327 1917 496 1983 abstraite
515 1941 595 1983 vera
613 1931 647 1984 et
670 1921 759 1984 bona
782 1941 802 1982 a
826 1920 973 1984 Domino
989 1940 1048 2002 per
1066 1919 1217 1983 Verbum
1236 1920 1270 1982 in
1293 1919 1446 1984 Ecclesia

329 2011 376 2096 (n.
394 2015 426 2088 6,
451 2015 497 2088 16,
515 2030 589 2094 490,
612 2013 681 2094 506,
700 2011 816 2096 668[¹¹),
836 2014 890 2078 hic
909 2012 967 2077 illa
989 2013 1210 2095 prophanata,
1229 2015 1308 2095 quia
1325 2014 1444 2078 dicitur

329 2110 492 2190 “sanguis
508 2119 693 2189 martyrum
702 2109 716 2133 ’'
728 2129 787 2171 seu
805 2114 823 2141 ‘⁴
835 2109 971 2172 testium
986 2107 1095 2189 Jesu”
1106 2118 1142 2170 et
1158 2108 1201 2171 de
1218 2114 1236 2139 ‘⁴
1247 2106 1422 2189 Babylone
1429 2107 1446 2132 ”

327 2224 386 2286 per
401 2223 501 2284 quam
520 2204 622 2266 etiam
640 2201 850 2284 significatur
866 2202 1092 2284 prophanatio
1107 2201 1185 2264 boni
1205 2210 1239 2265 et
1255 2203 1325 2265 veri
1341 2202 1445 2266 Verbi

326 2308 362 2361 et
382 2297 556 2361 Ecclesiae
574 2296 620 2378 (n.
637 2312 708 2378 717,
725 2298 812 2378 718).
859 2295 915 2360 Ex
932 2296 982 2359 his
998 2306 1146 2370 constat,
1162 2297 1253 2378 quod
1272 2316 1331 2378 per
1348 2298 1441 2360 “vidi

326 2392 499 2456 mulierem
512 2393 710 2456 inebriatam
727 2413 771 2454 ex
785 2393 949 2472 sanguine
962 2388 1154 2454 sandiorum
1170 2400 1205 2453 et
1221 2411 1265 2454 ex
1279 2387 1441 2472 sanguine

328 2487 465 2550 testium
492 2485 595 2568 Jesu”
618 2484 823 2567 significetur
851 2483 1059 2565 Religiosum
1089 2484 1171 2546 illud
1200 2485 1371 2548 insaniens
1399 2506 1444 2549 ex

327 2581 525 2644 adulteratis
548 2588 584 2644 ct
610 2579 829 2661 prophanatis
857 2578 986 2642 Divinis
1009 2580 1096 2642 veris
1118 2589 1154 2641 et
1176 2579 1274 2642 bonis
1298 2579 1443 2656 Domini,

326 2674 433 2739 Verbi
452 2685 486 2739 et
506 2676 583 2739 inde
603 2672 785 2738 Ecclesiae.
1156 2735 1160 2744 ,

385 2791 478 2861 731.
506 2776 752 2839 “liudmirotua
772 2794 839 2837 cum
862 2773 964 2838 vidone
983 2774 1066 2837 ilium
1083 2774 1282 2839 admiratione
1295 2773 1444 2859 meqnoss'

325 2868 493 2952 significat
515 2878 682 2949 stuporem
703 2867 793 2950 quod
810 2866 1014 2948 Relagmsum
1036 2866 1125 2931 illud
1142 2867 1209 2931 tale
1225 2867 1271 2931 sit
1291 2867 1442 2945 inimus,

324 2986 396 3027 cum
414 2974 521 3027 tamen
536 2962 636 3026 aliter
650 2971 791 3043 apparet
805 2960 1025 3024 exterrita-‘⁶
1035 2960 1205 3025 Admirati
1220 2962 1442 3027 admiratione

326 3058 479 3139 magna,”
497 3068 549 3120 est
568 3057 808 3138 obstupescere
826 3054 948 3133 valde;
973 3056 1119 3119 “videns
1141 3055 1257 3119 illam’¹
1276 3056 1442 3138 significat

284 3160 286 3167 ’
325 3152 414 3234 quod
432 3150 561 3226 Mulier,
578 3150 642 3214 hoc
661 3162 724 3225 est,
742 3149 1049 3231 Religiosumtale
1067 3152 1110 3215 sit
1129 3152 1278 3225 interius,
1294 3171 1370 3214 cum
1389 3162 1442 3216 ta·

325 3265 403 3308 men
422 3244 519 3309 aliter
537 3256 677 3327 apparet
698 3246 868 3321 exterius;
891 3244 1065 3326 obstupuit
1084 3246 1184 3319 enim,
1204 3244 1295 3327 quod
1312 3246 1442 3309 videret

326 3338 502 3403 Mulierem
518 3341 695 3403 sedentem
708 3359 810 3420 super
826 3336 940 3401 Bestia
955 3340 1113 3402 coccinea
1129 3340 1281 3402 indutam
1299 3358 1443 3421 purpura

325 3444 360 3497 et
379 3435 529 3506 coccino,
552 3434 739 3496 inauratam
763 3452 854 3507 auro,
878 3430 989 3513 lapide
1012 3420 1160 3514 pretioso
1182 3442 1218 3497 et
1240 3436 1441 3515 margaritis,

325 3528 507 3591 habentem
520 3527 677 3609 poculum
687 3547 822 3590 aureum
836 3528 869 3589 in
882 3546 982 3590 manu
992 3548 1061 3601 sua,
1071 3548 1157 3609 quae
1169 3539 1266 3592 erant
1275 3548 1441 3611 apparen-

325 3623 392 3685 tiae
402 3620 471 3701 ejus
482 3623 514 3683 in
525 3622 685 3696 externis,
697 3631 731 3685 et
742 3632 857 3685 tamen
870 3621 1027 3702 poculum
1037 3632 1110 3685 erat
1121 3622 1257 3703 plenum
1268 3624 1441 3686 abomina-

325 3718 417 3778 tione
429 3725 464 3778 et
477 3716 686 3778 immunditie
698 3716 914 3780 scortationis
926 3736 933 3791 ;
953 3736 991 3778 ac
1005 3717 1036 3777 in
1049 3716 1159 3779 fronte
1171 3716 1255 3781 vidit
1268 3717 1439 3798 scriptum,

326 3808 466 3872 “Mater
482 3811 726 3873 scortationum
743 3818 777 3873 et
797 3809 1086 3873 abominationum
1105 3810 1244 3885 terrae,”
1259 3831 1345 3892 quae
1363 3822 1440 3874 sunt

325 3903 457 3967 interna
472 3902 551 3983 ejus.
597 3902 692 3966 Haec
711 3923 731 3965 a
745 3902 900 3984 Johanne
915 3900 1109 3976 dictasunt,
1126 3904 1203 3986 quia
1218 3906 1442 3986 unusquisque

324 3998 425 4059 etiam
439 3997 539 4060 hodie
552 4017 619 4059 non
632 4006 747 4079 potest
761 4016 828 4059 non
839 3996 1088 4078 obstupescere,
1100 4018 1175 4061 cum
1186 3999 1278 4063 videt
1292 3998 1442 4081 Religio·

324 4110 396 4153 sum
416 4090 497 4153 illud
517 4099 586 4154 tam
607 4088 760 4153 sonitum
783 4101 817 4153 et
841 4090 1054 4172 splendidum
1077 4093 1109 4155 in
1133 4094 1295 4167 externis,
1314 4102 1349 4156 et
1372 4113 1440 4157 non

324 4186 417 4248 novit
434 4186 524 4267 quod
541 4194 611 4247 tam
627 4185 836 4267 prophanum
853 4195 889 4248 et
904 4184 1130 4249 abominabile
1145 4187 1189 4249 sit
1205 4188 1238 4249 in
1254 4188 1404 4252 internis.

381 4305 475 4375 732.
500 4302 586 4369 [Vm.
599 4301 636 4367 ⁷·]
662 4298 680 4327 ¹¹
689 4290 812 4353 ferini
823 4290 896 4352 miii
905 4290 1049 4373 Amprius,
1062 4290 1164 4361 Ouum
1179 4292 1364 4368 admiserim·
1384 4313 1443 4377 opo

323 4380 379 4444 tibi
389 4381 489 4443 dicum
502 4381 678 4463 mysterium
693 4379 827 4443 'olienis
841 4386 876 4444 ot
886 4380 1012 4443 Boetius
1023 4381 1178 4462 metantis
1193 4382 1287 4455 iilum,
1301 4383 1442 4447 iubentia

287 4510 294 4531 r
322 4477 438 4551 coptam
460 4469 561 4550 orpha
575 4476 609 4533 si
622 4472 729 4533 docem
743 4470 897 4542 eornuo,''
913 4470 1080 4551 significat
1096 4470 1267 4547 detetium,
1280 4473 1367 4554 quid
1377 4473 1441 4535 illa

322 4583 405 4644 quae
418 4562 619 4642 praecedunt
639 4571 671 4624 et
692 4560 769 4624 visa
791 4571 879 4634 sunt,
899 4560 1240 4644 signficant—Haec
1264 4584 1332 4628 non
1356 4566 1440 4647 opus

322 4657 448 4719 habent
470 4655 625 4720 ulteriore
641 4652 880 4737 explicatione.
