3384 5400
578 664 657 716 CAP.
674 664 763 727 xxl,
794 664 1008 715 CONTENTA.

546 894 883 942 commasttscumuuu
896 894 1032 943 vassum.

246 1033 270 1073 ι.
295 1019 349 1075 ·ts
366 1018 419 1074 ridi
437 1020 540 1073 bustum
558 1035 652 1074 aarum
670 1024 698 1073 st
717 1020 821 1074 Tarraco
838 1022 960 1081 norau,''
978 1021 1102 1087 significat
1119 1023 1219 1088 quoda
1238 1022 1351 1075 Domina

364 1089 469 1138 Novum
483 1089 585 1137 Caelum
596 1104 628 1138 ess
641 1089 793 1138 Christianis
802 1091 947 1155 formatum
958 1090 998 1149 sit,
1010 1091 1078 1154 quod
1091 1088 1162 1138 bodie
1172 1096 1279 1139 uocatur
1292 1090 1349 1139 Cae·

361 1156 416 1204 lum
431 1155 614 1213 curationum,
623 1156 668 1204 ubi
676 1164 738 1205 ssent
747 1158 794 1221 qui
803 1156 945 1205 Dominum
955 1156 1090 1215 coluerant,
1100 1162 1124 1205 et
1132 1157 1267 1205 sectandum
1273 1163 1348 1220 prae·

362 1229 428 1286 cepta
440 1222 524 1285 Ipsius
534 1222 563 1270 in
579 1222 653 1271 Verba
664 1224 791 1281 vixerant,
800 1223 889 1287 quibus
901 1224 959 1271 inde
970 1230 1004 1271 est
1014 1223 1125 1271 charitas
1135 1222 1246 1288 etfides:
1263 1224 1292 1271 in
1301 1240 1349 1288 qua

361 1289 436 1338 ettam
455 1296 517 1337 ssent
537 1304 620 1338 amnes
638 1290 750 1354 infantes
774 1290 977 1339 Christianorum
1017 1304 1042 1338 ιι.
1064 1288 1143 1355 876];
1174 1288 1253 1355 ‘qula
1273 1288 1349 1355 prius

363 1353 466 1407 &alam
483 1358 513 1406 st
524 1354 598 1421 palor
615 1353 693 1407 Tarra
709 1354 842 1412 mosim·
854 1355 977 1421 significat
1038 1357 1074 1405 los
1085 1372 1136 1406 non
1147 1372 1164 1404 a
1176 1356 1295 1414 Domina,
1307 1359 1351 1405 secl

360 1422 392 1470 ab
403 1422 515 1486 ipss'sqm'
523 1438 555 1470 ca
565 1422 709 1471 Christiano
717 1422 772 1470 orbe
783 1424 812 1471 in
819 1423 977 1487 spirs'tualem
989 1424 1113 1471 mundum
1125 1422 1348 1488 vauruutsattos,

360 1489 407 1553 qui
415 1503 499 1537 omncs
509 1489 550 1536 die
564 1487 654 1537 (Humi
667 1488 769 1552 Judicii
784 1490 899 1553 dissipati
913 1496 974 1538 suut
992 1488 1032 1555 [ιι.
1045 1487 1125 1555 877];
1144 1496 1157 1517 ⁶
1167 1492 1195 1541 ab
1210 1488 1282 1540 lats
1298 1504 1348 1541 nou

361 1554 566 1621 smamplim'
573 1553 697 1618 significat
704 1562 836 1603 externum
846 1556 916 1607 Caeli
920 1556 1027 1619 aprima
1035 1556 1159 1605 Ecclesiae
1166 1555 1348 1605 instauratione

360 1622 455 1670 callctli
469 1637 502 1669 cx
521 1621 682 1679 Christianis,
687 1630 819 1686 postqstum
836 1624 895 1671 iude
911 1622 1018 1685 exempti
1032 1630 1094 1671 sant
1108 1630 1132 1671 et
1146 1623 1242 1671 salvati
1291 1623 1303 1671 i
1318 1624 1347 1671 in

360 1687 439 1737 Ls'bro
449 1688 517 1737 vs‘tae
526 1687 637 1739 Domini
645 1688 732 1752 scripti
741 1696 808 1747 saut,
819 1689 938 1738 similiter
947 1689 1093 1753 dissipatum
1105 1704 1152 1737 esse
1165 1688 1204 1755 [ιι.
1217 1638 1291 1755 8γῆ

239 1800 266 1838 a
290 1795 305 1817 ⁸
312 1784 345 1839 lt
354 1800 402 1905 ago
411 1786 544 1905 tabanus·
556 1785 611 1905 'il
619 1784 712 1903 'arbon
721 1787 980 1903 sasgsmuNtlissosot
996 1802 1064 1903 [κυιι
1081 1787 1177 1866 basau
1188 1787 1346 1866 lassantes-

358 1868 470 1970 Dinia
485 1865 1095 1985 iristlsuraisilsmflqgutiieccaotnsacilileinlb'oislsegcienlo
1107 1871 1140 1969 ‘iis
1145 1854 1347 1970 fiDne'eacsiiisoZesrii

230 2012 235 2020 =
342 1988 594 2052 ›qamadattn'ssam
607 1989 726 2052 aquosa
738 1988 819 2037 uitam
835 1988 885 2037 en't
903 1987 942 2054 [n.
955 1986 1012 2049 879,
1025 1986 1103 2052 880];
1123 1992 1261 2053 'pacatam
1278 1986 1347 2039 sicat

359 2052 483 2119 &samu
498 2053 643 2119 [osseum]
663 2053 756 2105 'atila
771 2053 849 2111 suo,''
862 2052 985 2119 significat
997 2053 1133 2103 Ecclesiam
1146 2054 1216 2103 illam
1222 2062 1273 2119 per
1290 2054 1346 2101 Ver·

326 2151 329 2158 ι
358 2120 417 2170 bam
427 2121 590 2185 taujandam
603 2121 714 2169 Domino
728 2120 767 2187 [n.
780 2119 853 2185 881].

238 2229 263 2280 3.
290 2220 304 2244 ⁸
311 2212 344 2268 it
352 2213 443 2267 audiri
453 2228 539 2279 cassu
548 2228 666 2292 uuquam
678 2228 694 2266 s
706 2213 789 2271 Casto.
800 2214 932 2273 iissotsm.
943 2214 1007 2267 lesa
1018 2214 1218 2267 sabernaculum
1230 2214 1345 2267 osteum

357 2280 529 2338 bominibus,·’
535 2280 660 2345 significat
668 2282 851 2331 Dominum-ex
858 2298 943 2331 amore
949 2284 1085 2347 loquentem
1094 2290 1117 2329 et
1125 2284 1344 2346 evangelizantem,

357 2350 425 2414 qaod
434 2348 488 2411 lpse
496 2349 603 2396 nuncin
612 2348 713 2397 Divino
722 2348 844 2400 Humano
856 2348 907 2397 Suo
915 2350 986 2413 apud
995 2348 1106 2396 homiues
1109 2355 1230 2425 praesuta
1234 2348 1345 2412 ficturus

355 2416 390 2464 sit
398 2414 438 2481 [n.
449 2412 527 2479 882];
546 2420 559 2443 ⁴·
566 2417 595 2465 st
603 2414 729 2465 babitabit
738 2428 796 2465 cam
807 2413 867 2471 iltis,
878 2419 906 2466 st
915 2413 954 2493 s'tti
960 2413 1051 2481 papati
1061 2412 1145 2479 lassas
1154 2418 1237 2472 sroat,
1249 2418 1275 2465 st
1287 2413 1345 2480 lpss

357 2480 474 2531 oritanus
483 2479 535 2531 illis
544 2479 613 2532 Dauo
622 2482 739 2538 aarum,''
749 2481 874 2545 significat
883 2498 927 2529 con
939 2482 1082 2530 unctionem
1093 2481 1208 2539 Domini,
1215 2496 1279 2545 quac
1286 2482 1346 2531 talis

356 2555 391 2597 cst
401 2555 431 2596 ut
441 2549 483 2595 illi
490 2548 544 2597 sint
554 2548 583 2596 in
595 2547 650 2613 Ipso
661 2556 684 2597 et
694 2549 748 2611 lpse
758 2549 788 2596 in
800 2548 851 2597 illis
865 2548 903 2615 [ιι.
917 2499 991 2613 iffi.

237 2655 263 2706 4
288 2648 302 2671 ¹
310 2639 343 2695 ει
351 2640 486 2710 abstsrast
493 2641 563 2693 bsus
574 2656 674 2693 ouusm
685 2642 842 2709 lachrymam
855 2655 886 2693 ss
898 2641 981 2693 oeulis
994 2641 1102 2700 illorum,
1113 2644 1140 2693 st
1151 2655 1222 2693 mars
1232 2656 1282 2693 nou
1295 2640 1345 2693 soit

356 2708 475 2787 amptius,
488 2723 571 2775 usquo
587 2712 681 2767 tuctus,
694 2724 776 2776 usque
788 2711 891 2767 clamor,
904 2723 987 2776 usqua
998 2709 1077 2767 tabor,
1089 2722 1139 2760 uon
1151 2709 1202 2760 soit
1215 2708 1344 2774 amptius:
1451 2714 1454 2722 '

356 2789 415 2843 quta
424 2775 514 2841 priam
524 2774 728 2833 transtrum·
739 2775 863 2837 significat
872 2778 939 2840 quod
945 2776 1073 2825 Dominus
1081 2777 1180 2840 auferet
1188 2777 1238 2824 illis
1247 2792 1344 2824 omnem

355 2843 463 2891 dolorem
471 2842 563 2900 animi,
571 2844 685 2891 timorem
691 2852 740 2906 pro
749 2845 919 2900 damnatione,
926 2849 976 2906 pro
987 2843 1061 2890 malis
1072 2843 1176 2906 ctsalsis
1186 2859 1218 2890 ex
1228 2844 1344 2906 Inferna,

350 2916 447 2974 proque
454 2909 631 2957 tentationibus
642 2925 673 2958 ex
684 2910 743 2968 illis,
752 2917 776 2957 et
786 2925 836 2957 non
850 2909 1049 2960 retardabantur
1056 2909 1167 2968 illorum,
1176 2910 1238 2974 quia
1247 2909 1344 2968 Draco,

356 2976 403 3040 qui
412 2976 542 3034 intulerat,
553 2976 642 3040 ejectus
652 2983 687 3025 est
699 2975 738 3042 [ιι.
751 2974 809 3036 884,
821 2974 895 3041 885].

239 3079 263 3135 5.
288 3068 341 3122 ‘b't
356 3067 422 3121 elisit
436 3067 533 3122 &isus
550 3083 631 3136 supas
648 3069 753 3127 lbrana,
771 3069 835 3122 Esca
852 3083 918 3122 nora
936 3068 1019 3122 amesia
1037 3069 1122 3122 tasio:
1151 3074 1179 3121 st
1194 3069 1260 3121 elisit
1274 3069 1342 3128 mibs‘,

357 3135 451 3193 Sariba,
463 3135 524 3203 qula
540 3136 605 3188 basa
618 3136 695 3188 turba
709 3149 770 3188 reta
787 3140 815 3188 sl
830 3137 880 3188 lida
897 3137 987 3194 aaut,''
998 3136 1121 3200 significat
1133 3137 1276 3186 Dominum
1288 3153 1342 3185 con-

346 3203 498 3268 firmantem
515 3219 599 3252 amnes
613 3205 644 3252 de
660 3204 734 3252 Nouo
753 3204 824 3252 Coelo
840 3211 864 3252 et
879 3205 909 3252 de
925 3204 1002 3253 Noua
1019 3204 1130 3252 Ecclesia
1140 3210 1198 3268 past
1208 3206 1342 3267 peractum

362 3269 483 3320 lsttimum
498 3270 633 3334 ficticium
648 3269 686 3336 [ιι.
697 3269 770 3336 886].

238 3365 263 3415 6.
288 3361 342 3416 'll
356 3361 423 3415 (litii
436 3362 504 3422 mitt,
522 3363 627 3416 Factam
645 3367 716 3423 ssl,''
727 3365 851 3429 significat
863 3363 930 3430 quod
937 3367 972 3414 sit
982 3366 1085 3415 Divina
1104 3365 1199 3416 Veritas
1211 3365 1250 3432 [ιι.
1262 3363 1341 3431 887];

354 3429 426 3497 'tao
438 3444 496 3482 sum
507 3429 586 3496 Ababa
603 3435 630 3484 st
646 3431 747 3499 Omsya,
760 3431 913 3498 minitatum
928 3435 955 3484 st
970 3431 1067 3488 t'inis,''
1079 3430 1203 3494 significat
1214 3433 1281 3496 qaod
1290 3431 1341 3480 Dc·

356 3499 442 3546 minus
455 3499 491 3546 sit
505 3498 576 3547 Deus
590 3499 658 3547 Caeli
672 3506 696 3547 et
711 3500 810 3556 Terrae,
822 3509 846 3547 et
856 3501 923 3564 quod
937 3500 968 3547 ab
980 3501 1035 3562 Ipso
1045 3499 1130 3547 amnia
1143 3500 1171 3546 in
1186 3499 1264 3547 Caelis
1275 3505 1299 3546 et
1314 3499 1342 3546 in

361 3563 446 3613 lem}
454 3565 532 3629 falla
548 3566 608 3622 sint,
620 3581 650 3612 ac
661 3574 710 3629 per
725 3566 854 3615 Divinam
874 3567 956 3630 Ipsius
967 3567 1155 3630 prous'dentc'nm
1173 3572 1303 3629 reguntur,
1320 3571 1344 3612 et

354 3632 489 3680 secundum
507 3631 579 3679 illum
587 3631 662 3696 fiant
679 3631 719 3698 [ιι.
737 3631 815 3698 888];
837 3631 909 3699 “Ego
926 3630 1026 3684 sitienti
1040 3631 1105 3683 tlaba
1123 3644 1154 3682 att
1172 3633 1242 3682 iouia
1258 3645 1342 3697 aquas

358 3695 425 3748 stus
433 3697 548 3763 graiis.''
561 3695 685 3761 significat
695 3700 763 3763 quod
772 3699 899 3748 Dominus
911 3700 1018 3763 illisqui
1027 3698 1169 3748 dess'derant
1178 3713 1240 3747 vera
1251 3713 1283 3746 ex
1294 3698 1340 3746 ali·

354 3779 403 3828 qao
413 3780 462 3812 usu
472 3764 609 3827 spirituali,
620 3766 729 3814 datumcs
744 3767 778 3815 sit
792 3783 824 3815 cx
836 3767 868 3816 Sc
877 3774 928 3831 per
945 3765 1048 3815 Verbum
1060 3765 1146 3814 austria
1158 3779 1221 3830 quae
1232 3764 1293 3812 usui
1303 3764 1341 3812 ills

355 3831 499 3879 conducunt
511 3829 550 3896 [n.
563 3829 636 3895 889}

241 3931 264 3984 7.
289 3929 302 3952 ·
312 3921 417 3976 limus
427 3924 600 3976 basrscts'tario
613 3925 759 3991 possidebit
768 3927 869 3983 onnia:
886 3929 915 3978 st
923 3940 970 3978 ara
981 3925 1021 3977 itti
1034 3925 1104 3977 boas
1116 3929 1144 3976 st
1159 3924 1203 3976 itte
1215 3923 1266 3975 su't
1282 3923 1342 3975 libs

356 3990 454 4048 uttos.''
465 3990 590 4054 significas
601 3993 669 4056 quod
676 3994 723 4056 qui
732 3995 842 4042 vincunt
854 3995 921 4042 nsala
933 3995 1004 4057 apud
1011 4008 1044 4050 sc,
1055 3992 1100 4040 hoc
1110 3999 1152 4050 est,
1161 3992 1308 4048 Diabolum,
1320 3999 1343 4040 et

355 4073 406 4106 non
417 4058 582 4106 seucumbant
591 4074 648 4108 cum
661 4067 795 4107 tentantur
804 4076 821 4107 a
832 4059 980 4124 Babyloniis
990 4065 1014 4108 et
1026 4059 1184 4116 Draconiess,
1196 4059 1224 4106 in
1240 4059 1260 4106 C
1258 4059 1340 4105 uelum

354 4125 459 4172 venturi
468 4125 528 4183 siut,
539 4132 563 4172 ct
572 4125 609 4174 abt
617 4125 716 4174 victuri
725 4126 754 4174 iu
767 4127 878 4175 Domina
889 4134 912 4174 et
921 4127 1050 4175 Dominus
1061 4126 1089 4174 iu
1101 4125 1152 4173 illis
1164 4124 1204 4191 [ιι.
1216 4122 1290 4190 890].

240 4223 265 4275 8.
289 4233 304 4255 ¹¹
313 4225 413 4279 rsmtts's
423 4232 519 4286 autam,
533 4233 561 4280 si
570 4228 661 4287 tabiis,
674 4234 703 4281 st
717 4227 957 4288 abominabilibus,''
970 4228 1094 4292 significat
1106 4229 1160 4277 illos
1170 4229 1217 4292 qut
1227 4229 1255 4276 in
1267 4231 1340 4276 usella

347 4295 403 4361 fide
411 4303 480 4354 sunt,
489 4303 513 4344 et
522 4297 551 4344 in
563 4298 636 4345 nulla
648 4297 778 4354 charitate,
787 4305 810 4345 et
820 4299 879 4346 inde
890 4299 919 4345 in
931 4295 1012 4345 amnis
1019 4297 1119 4358 generis
1128 4295 1201 4343 malis
1212 4293 1250 4360 [ιι.
1261 4293 1339 4359 891];

355 4363 404 4412 'st
417 4361 558 4419 bauics'ctis.
577 4366 605 4415 st
619 4362 814 4419 scortatoribus,
833 4367 861 4414 st
876 4361 1085 4420 incantatoribus,
1104 4365 1131 4412 st
1146 4358 1296 4414 idololatris.
1316 4365 1343 4411 st

357 4426 500 4494 [omnibus]
516 4428 710 4486 maudaoibus,''
721 4429 845 4494 significat
857 4445 939 4478 ontues
951 4431 1004 4478 illos
1015 4430 1061 4493 qui
1070 4428 1339 4492 nibilifaciuntprae·

354 4501 420 4558 cepta
432 4495 558 4560 Decalagi,
570 4502 654 4546 elnon
664 4497 778 4562 fisgiunt
787 4497 874 4561 aliqua
888 4497 956 4544 mala
969 4495 1005 4544 ibi
1020 4495 1151 4543 nominata
1163 4498 1307 4557 utpcccuta,
1319 4499 1343 4540 et

354 4561 407 4610 tetes
417 4562 515 4610 vivant
525 4563 554 4611 s'n
566 4564 618 4611 s'tlis
629 4562 669 4628 [n.
679 4561 757 4629 892];
777 4571 860 4629 ‘pars
870 4561 973 4614 illarum
984 4563 1010 4612 iu
1021 4565 1115 4627 stauos
1126 4559 1234 4612 arisats
1244 4557 1303 4625 iaus
1315 4561 1343 4609 st
1400 4574 1401 4585 ¹

352 4626 504 4695 sububam'
512 4627 637 4694 signifiat
648 4631 700 4680 illis
708 4631 845 4696 infernum
857 4629 902 4680 ubi
912 4645 1007 4680 amores
1010 4629 1080 4695 salsi
1089 4635 1112 4678 et
1122 4628 1267 4693 mansues
1278 4626 1342 4674 mali
