3384 5400
347 594 408 657 828
663 609 911 661 neocnuunsrs
936 610 1146 661 nausiam.

345 776 471 854 oculis;
495 797 554 858 per
574 775 736 841 “lucem''
753 779 806 843 hic
831 776 1039 861 significatur
1057 779 1231 862 perceptio
1250 779 1363 843 Divini
1382 778 1462 843 Veri

343 892 389 933 ex
407 872 565 935 interiore
584 871 810 937 illustratione
830 894 852 936 a
875 873 1023 937 Domino
1042 874 1132 956 apud
1155 874 1232 937 illos
1252 873 1299 955 (n.
1319 874 1408 955 796),
1428 885 1461 937 et

344 986 404 1047 per
431 966 654 1029 “ambulare''
681 968 889 1049 significatur
915 970 1027 1031 vivere
1056 967 1103 1049 (n.
1135 967 1228 1051 167);
1261 970 1339 1031 inde
1366 979 1461 1051 patet

343 1059 433 1140 quod
449 1079 508 1141 per
522 1062 583 1123 “in
596 1059 671 1124 luce
679 1061 693 1085 ”
707 1060 826 1126 Novae
839 1061 1101 1143 Hierosolymae
1115 1067 1134 1093 “
1143 1062 1346 1138 ambulare,”
1359 1064 1461 1145 signi·

343 1151 461 1218 ficetur
479 1175 524 1217 ex
542 1155 701 1219 interiore
719 1156 946 1220 illustratione
965 1158 1137 1238 percipere
1156 1166 1191 1219 et
1208 1156 1321 1220 videre
1340 1156 1463 1221 Divina

342 1268 432 1323 vera,
456 1258 491 1311 et
515 1250 627 1313 vivere
646 1251 831 1313 secundum
855 1250 931 1313 illa:
966 1252 1025 1312 sed
1049 1250 1113 1313 hoc
1137 1249 1374 1315 illustrandum
1397 1262 1460 1328 est,

233 1334 238 1343 ’
342 1344 419 1424 quia
446 1346 594 1406 nescitur
619 1346 757 1425 quinam
783 1365 842 1427 per
871 1344 1046 1426 “gentes''
1072 1344 1124 1407 hic
1152 1344 1399 1429 intelliguntur,
1428 1358 1462 1410 et

342 1438 478 1519 quinam
497 1458 557 1519 per
574 1438 730 1519 “reges”
746 1439 788 1503 de
807 1438 927 1522 quibus
945 1440 978 1501 in
998 1438 1062 1501 hoc
1080 1458 1178 1503 versu
1197 1440 1355 1520 sequitur.
1401 1440 1462 1503 Per

343 1531 516 1611 “gentes’'
545 1532 777 1613 significantur
809 1534 866 1616 qui
901 1534 934 1595 in
970 1531 1062 1596 bono
1097 1534 1221 1597 amoris
1255 1552 1276 1595 a
1312 1532 1461 1597 Domino

341 1635 430 1699 sunt,
456 1627 546 1709 quod
574 1626 699 1690 bonum
726 1636 869 1691 vocatur
895 1628 1022 1691 bonum
1050 1626 1210 1701 caeleste,
1233 1637 1269 1691 et
1297 1646 1356 1709 per
1381 1633 1459 1691 “re-

340 1720 424 1801 ges'’
454 1720 686 1802 significantur
715 1723 770 1805 qui
800 1722 834 1785 in
864 1722 950 1785 veris
981 1722 1167 1804 sapientiae
1197 1742 1241 1784 ex
1272 1721 1363 1785 bono
1393 1724 1459 1805 spi·

339 1814 451 1878 rituali
477 1836 498 1877 a
528 1814 676 1878 Domino
706 1825 795 1889 sunt,
823 1817 866 1879 de
893 1815 1012 1899 quibus
1041 1816 1076 1878 in
1106 1824 1270 1898 sequente
1297 1817 1458 1895 articulo;

339 1908 388 1971 illi
413 1909 468 1991 qui
497 1910 531 1971 in
558 1910 650 1972 bono
677 1910 816 1973 caelesti
843 1930 864 1973 a
891 1910 1040 1973 Domino
1067 1919 1157 1984 sunt,
1185 1930 1304 1972 omnes
1331 1910 1459 1974 habent

340 2000 463 2066 Divina
484 2024 565 2067 vera
586 2006 678 2066 vitae
701 2024 781 2066 suae
804 2005 985 2085 inscripta;
1009 2024 1111 2087 quare
1136 2003 1371 2078 “ambulant,”
1393 2004 1456 2068 hoc

338 2105 402 2172 est,
433 2098 552 2160 vivunt
581 2096 670 2178 juste
703 2098 889 2160 secundum
920 2096 989 2174 illa,
1020 2107 1056 2161 et
1088 2118 1221 2180 quoque
1251 2098 1368 2161 vident
1400 2100 1456 2162 illa

336 2193 428 2254 intus
448 2194 482 2255 in
500 2213 547 2267 se,
565 2194 651 2254 sicut
670 2190 789 2254 oculus
808 2189 942 2273 objeela
962 2190 1021 2273 (de
1039 2192 1157 2274 quibus
1176 2192 1355 2256 videantur
1372 2214 1455 2275 quae

337 2307 447 2368 supra,
465 2307 496 2349 n.
517 2302 669 2365 120-123,
687 2297 878 2349 memorata
896 2286 1002 2369 sunt).
1047 2284 1176 2349 Omnes
1195 2284 1289 2350 Caeli
1308 2286 1455 2351 distint'ti

336 2391 415 2444 sunt
438 2381 471 2444 in
494 2381 562 2443 duo
585 2380 717 2461 Regna,
738 2379 888 2444 caeleste
911 2389 946 2444 et
970 2378 1163 2462 spirituale;
1193 2381 1320 2443 bonum
1344 2380 1453 2463 Regni

336 2474 494 2539 caelestis
512 2484 654 2538 vocatur
671 2473 797 2538 bonum
816 2473 978 2550 caeleste,
999 2475 1089 2558 quod
1109 2483 1162 2537 est
1186 2475 1313 2537 bonum
1332 2478 1452 2539 amoris

335 2569 369 2632 in
393 2568 596 2646 Dominum;
627 2578 661 2631 et
684 2566 811 2631 bonum
831 2568 943 2649 Regni
966 2567 1146 2651 spiritualis
1164 2578 1307 2630 vocatur
1328 2569 1451 2633 bonurn

335 2662 517 2746 spirituale,
542 2672 577 2726 et
603 2672 656 2726 est
679 2661 805 2726 bonum
829 2663 1026 2744 sapientiae,
1051 2661 1141 2745 quod
1168 2662 1200 2724 in
1224 2680 1284 2726 sua
1307 2664 1452 2727 essentia

335 2768 388 2821 est
414 2778 548 2820 verum:
581 2757 624 2819 de
651 2757 737 2818 binis
763 2757 815 2820 his
842 2757 982 2838 Regnis,
1010 2756 1164 2819 videatur
1186 2776 1286 2837 supra
1312 2755 1358 2839 (n.
1378 2758 1449 2838 647,

334 2868 407 2935 725,
422 2852 510 2933 854).
555 2851 671 2915 Simile
687 2863 739 2916 est
752 2873 829 2917 cum
846 2853 1023 2932 Ecclesia;
1047 2866 1082 2920 et
1097 2857 1142 2920 ibi
1158 2857 1314 2921 homines
1326 2861 1452 2924 caeles-

336 2959 390 3010 tes
408 2957 497 3020 sunt,
515 2949 569 3029 qui
586 2948 703 3010 vivunt
720 2949 906 3011 secundum
925 2961 1108 3032 praecepta
1123 2949 1230 3032 justi¹¹¹
1246 2955 1324 3035 quia
1343 2953 1453 3036 Leges

337 3044 479 3108 Divinae
497 3055 586 3118 sunt,
607 3046 693 3108 sicut
716 3044 820 3109 homo
840 3043 946 3108 civilis
965 3045 1047 3108 vivit
1067 3045 1251 3108 secundum
1271 3056 1451 3127 praecepta

332 3141 412 3222 justi
424 3142 500 3223 quia
514 3139 607 3220 leges
620 3139 735 3202 civiles
747 3149 845 3216 sunt;
863 3139 922 3202 sed
936 3137 1123 3202 differentia
1138 3137 1271 3201 illorum
1285 3149 1347 3212 est,
1362 3140 1450 3222 quod

335 3235 423 3316 prior
445 3255 490 3298 ex
512 3234 583 3296 vita
605 3254 665 3295 sua
687 3234 872 3299 secundum
896 3243 1079 3316 praecepta
1101 3253 1160 3296 seu
1184 3231 1278 3313 leges
1301 3233 1346 3295 sit
1370 3234 1450 3296 civis

334 3328 438 3403 Caeli,
464 3337 626 3410 quantum
650 3329 738 3408 apud
761 3348 798 3390 se
824 3328 904 3390 iacit
928 3325 1022 3408 leges
1045 3326 1171 3402 civiles,
1196 3347 1281 3409 quae
1300 3325 1449 3405 justitiae

334 3431 423 3497 sunt,
440 3423 544 3485 etiam
560 3422 654 3503 leges
671 3421 820 3484 Divinas.
866 3419 920 3484 llli
936 3423 990 3503 qui
1012 3441 1070 3502 per
1087 3426 1238 3501 “gentes
1246 3419 1261 3445 ’⁹
1276 3420 1329 3483 hic
1346 3422 1448 3502 signi-

333 3517 486 3592 ficantur,
503 3517 631 3600 quibuS,
653 3526 689 3580 ut
709 3515 835 3580 dietum
855 3527 919 3592 est,
940 3515 1062 3578 Divina
1080 3536 1160 3579 vera
1179 3523 1257 3578 sunt
1276 3515 1446 3599 inscripta,

332 3621 412 3676 sunt
430 3613 485 3695 qui
503 3612 739 3693 intelliguntur
757 3611 846 3694 apud
865 3609 1074 3685 Jeremiam:

384 3753 488 3805 “Dabo
506 3755 605 3817 Legem
623 3753 714 3804 Meam
732 3755 759 3803 in
777 3753 867 3803 medio
884 3768 987 3810 eorum,
1006 3762 1033 3801 et
1051 3767 1131 3814 super
1147 3767 1194 3802 cor
1210 3753 1315 3802 illomm
1333 3753 1446 3802 scribam

462 3820 534 3869 illam
545 3835 551 3878 ;
569 3834 654 3883 neque
663 3822 797 3869 docebunt
808 3820 868 3882 quis
880 3819 995 3880 amplius
1008 3819 1109 3868 socium
1121 3832 1199 3866 suum
1212 3829 1258 3867 aut
1269 3821 1328 3881 quis
1340 3818 1446 3867 fratrem

462 3901 549 3944 suum,
571 3885 694 3940 dicendo,
714 3884 878 3947 Cognoscite
902 3883 1048 3948 Jehovam;
1075 3897 1170 3930 omnes
1190 3885 1262 3931 enim
1286 3894 1447 3945 cognoscent

462 3950 537 4000 Mea
547 3952 659 4000 minimo
670 3965 763 3999 eorum
775 3963 859 4014 usque
871 3949 905 3998 ad
917 3949 1062 3997 maximum
1075 3962 1167 3998 eorum
1176 3947 1189 3966 '¹
1199 3947 1280 4010 (xxxi.
1295 3961 1335 4008 33,
1347 3948 1397 4010 34).

390 4101 486 4168 921.
513 4085 578 4148 “fr
598 4104 693 4168 repes
712 4090 819 4148 torm
840 4085 975 4158 «πυκνή
990 4083 1121 4166 gloriam
1141 4087 1175 4145 ot
1196 4083 1339 4148 honoram
1360 4102 1448 4145 sumn

329 4177 361 4238 io
377 4176 495 4248 illam,''
509 4175 680 4258 significat
694 4175 786 4256 quod
794 4195 906 4238 omnes
921 4174 982 4256 qui
1001 4175 1037 4237 in
1058 4173 1150 4236 veris
1166 4172 1356 4252 sapientiae
1370 4183 1447 4235 sunt

329 4290 373 4331 ex
389 4269 468 4331 bono
485 4266 667 4348 spirituali,
685 4266 735 4330 ibi
749 4266 986 4351 confitebuntur
1003 4264 1190 4339 Dominum,
1207 4273 1239 4326 et
1256 4263 1335 4344 Ipsi
1350 4263 1445 4328 addi·

329 4361 449 4426 cabunt
468 4383 560 4425 omne
580 4382 696 4425 verum
716 4371 750 4425 et
770 4381 863 4423 omne
885 4359 1011 4433 bonum,
1036 4379 1120 4440 quae
1140 4357 1235 4438 apud
1256 4377 1292 4420 se
1317 4369 1447 4420 sunt.-

331 4457 392 4519 Per
417 4461 543 4536 “reges
570 4455 702 4520 terrae”
725 4454 958 4536 significantur
983 4454 1038 4536 qui
1064 4453 1097 4514 in
1124 4453 1212 4515 veris
1238 4471 1282 4514 ex
1311 4452 1401 4515 bono
1426 4472 1446 4514 a

331 4549 479 4613 Domino
498 4557 575 4611 sunt
597 4546 643 4631 (n.
663 4563 714 4627 20,
735 4547 833 4633 854);
863 4548 917 4612 hic
937 4549 1051 4631 itaque
1074 4547 1129 4629 qui
1151 4547 1185 4608 in
1208 4547 1294 4608 veris
1313 4547 1444 4628 sapien-
