3384 5400
361 658 426 741 698
686 669 934 723 nsocntursts
956 669 1167 719 uuvstnrn.

414 844 433 867 ⁰·
442 840 504 893 Non
522 843 549 895 iu
562 840 660 905 pignus
672 840 788 904 accipies
801 838 902 891 Molem
915 847 961 889 aut
974 837 1116 899 Molerem,
1130 838 1192 904 quit
1202 838 1321 889 animum
1334 838 1379 889 ille
1389 838 1486 903 setiplt

493 907 522 958 iu
534 906 650 971 piguus”
662 906 767 971 (Dexo.
782 906 854 957 xxiv.
865 906 908 969 b);

363 1067 383 1095 “
393 1060 483 1124 mola
491 1060 506 1085 ”
515 1060 569 1123 hic
580 1068 720 1123 vocatur
731 1063 750 1091 “
759 1057 899 1132 anima,”
911 1058 987 1141 quia
997 1077 1056 1141 per
1068 1061 1087 1089 ‘⁸
1096 1056 1242 1121 animam
1250 1055 1266 1083 ”
1277 1054 1486 1139 significatur

359 1174 477 1221 verum
495 1155 681 1237 sapientiae
699 1166 735 1217 et
757 1152 834 1216 iidei
855 1151 901 1235 (n.
919 1152 1009 1235 681).

426 1250 466 1314 ln
482 1250 641 1331 opposito
655 1268 757 1311 sensu
773 1267 832 1329 per
849 1252 868 1278 “
878 1246 1004 1310 molam
1012 1246 1027 1271 ”
1043 1243 1252 1328 significatur
1266 1246 1433 1311 scrutatio
1448 1256 1483 1311 et

361 1343 575 1408 confirmatio
590 1341 676 1417 salsi,
696 1350 733 1405 ut
752 1348 849 1425 patet
867 1362 912 1405 ex
931 1340 982 1404 his
1001 1341 1101 1406 locis:

411 1498 556 1565 “Jurenes
564 1498 599 1547 ad
609 1497 769 1547 Molendum
778 1497 956 1554 abduxerunt,
968 1504 994 1545 et
1005 1496 1080 1559 pueri
1092 1496 1121 1545 in
1130 1495 1205 1559 liguo
1213 1494 1361 1545 ootruuut''
1369 1494 1482 1559 (rhen.

412 1631 430 1655 ‘¹
437 1564 599 1709 Sedgsdye’r
607 1628 725 1692 puluere.
738 1627 792 1677 filis
805 1626 921 1685 Babelis,
932 1641 1009 1705 sume
1020 1625 1124 1719 Molem
1134 1636 1162 1677 et
1174 1624 1247 1675 Mole
1259 1625 1382 1705 latinam.
1393 1626 1485 1677 revela

490 1692 1128 1823 {ttaffifftztlttibtibllsz
1141 1693 1282 1821 Ψ*
1302 1692 1412 1743 ΜΝ
1427 1700 1481 1753 ‘¹¹⁸'

362 1921 486 1981 “sume
504 1915 630 1979 molam
649 1924 685 1979 et
709 1912 799 1977 mole
817 1913 958 1977 farinam
968 1911 984 1938 '¹
1003 1912 1171 1995 significat
1185 1908 1231 1979 ¹ut
1253 1914 1424 1998 inquirant
1441 1934 1481 1981 ac

359 2020 562 2085 scrutentur,
583 2019 620 2073 ut
637 2008 841 2073 confirment
859 2006 952 2071 falsa.

425 2118 524 2189 795·
553 2102 622 2169 Sed
652 2103 837 2166 illustretur
866 2102 931 2167 hoc
962 2122 1022 2184 per
1050 2101 1256 2185 exemplum.
1301 2100 1386 2184 Quis
1413 2124 1482 2169 non

359 2199 474 2264 videre
492 2208 618 2281 potest,
637 2198 729 2281 quod
746 2196 795 2259 illi
813 2197 870 2279 qui
888 2198 921 2259 in
941 2196 1119 2278 Babylone
1138 2207 1227 2272 sunt,
1247 2198 1481 2280 inquisiverint

361 2305 396 2357 ct
415 2294 556 2356 scrutati
579 2294 657 2366 sint,
677 2291 850 2373 quomodo
873 2300 1013 2372 possent
1032 2288 1231 2355 confirmare
1254 2292 1317 2355 hoc
1341 2313 1482 2358 enorme

358 2388 491 2461 falsum,
515 2386 606 2470 quod
630 2387 728 2450 Panis
755 2395 790 2450 et
813 2385 940 2448 Vinum
970 2385 1005 2449 in
1028 2384 1242 2450 Eucharistia
1263 2386 1480 2459 divideretur.

360 2494 397 2545 ut
427 2483 564 2545 daretur
587 2481 697 2544 Laicis
728 2480 826 2543 Panis
857 2490 893 2543 et
923 2478 1061 2544 Clericis
1085 2479 1223 2543 Vinum.
1268 2479 1344 2544 Hoc
1375 2482 1481 2547 videri

359 2586 475 2659 potest
491 2596 535 2639 ex
554 2572 643 2638 ledia
658 2574 767 2637 solum
784 2572 1050 2638 confirmatione
1068 2574 1102 2637 in
1121 2572 1265 2639 Concilio
1286 2572 1482 2641 Tn‘denttito

358 2667 458 2746 faita,
477 2679 513 2734 et
532 2690 591 2754 per
610 2668 743 2732 Bullam
761 2668 989 2745 constabilita,
1009 2690 1095 2752 quae
1115 2668 1193 2734 talis
1211 2679 1283 2735 est:

413 2829 527 2902 “Quod
540 2829 642 2884 statim
662 2840 730 2899 post
749 2829 1014 2892 consecrationem,
1027 2845 1131 2884 verum
1144 2828 1214 2902 Jesu
1229 2827 1340 2885 Christi
1354 2829 1480 2903 Corpus.

362 2911 493 2954 etvetus
510 2898 645 2969 Sanguis.
658 2901 715 2954 sub
728 2899 817 2955 Panis
828 2910 860 2955 et
869 2899 938 2954 Vini
951 2900 1059 2970 specie.
1070 2917 1206 2955 unacum
1222 2899 1318 2971 Ipsius
1329 2902 1441 2958 Anima
1449 2913 1481 2958 et

351 2968 535 3032 ‘Divinitate
548 2987 626 3033 vere,
639 2971 757 3025 realiter
775 2982 806 3025 et
824 2972 1062 3027 substantialiter
1079 2972 1275 3034 contineatur.
1288 2971 1407 3042 Corpus
1424 2975 1479 3029 sub

359 3042 459 3167 accis
473 3041 571 3104 Panis,
583 3052 615 3096 et
730 3041 824 3096 issub
836 3042 935 3112 specie
948 3040 1027 3104 Vini,
1040 3059 1077 3095 ex
1088 3045 1124 3095 vi
1142 3041 1315 3097 Verborum:
1333 3055 1365 3098 at
1382 3044 1478 3115 ipsum

407 3129 477 3182 rpus
494 3113 550 3167 sub
563 3111 661 3182 specie
704 3111 754 3174 ini,
767 3122 799 3167 et
818 3111 945 3183 Sanguis
958 3113 1013 3168 sub
1026 3113 1125 3183 specie
1136 3111 1234 3175 Panis,
1247 3129 1281 3166 ac
1295 3113 1407 3169 Anima
1424 3117 1479 3170 sub

359 3195 494 3254 utraque,
506 3184 536 3236 vi
550 3183 694 3237 naturalis
705 3182 901 3238 connexionis
914 3193 945 3238 et
956 3183 1209 3238 concomitantiae
1221 3200 1280 3254 qua
1299 3195 1399 3254 partes
1419 3185 1479 3241 Do-

359 3255 433 3308 mini
447 3253 558 3309 Christi
578 3253 655 3308 inter
673 3271 706 3308 se
724 3253 911 3337 copulantur,
925 3263 957 3308 et
976 3253 1124 3308 Divinitas
1138 3265 1260 3324 propter
1272 3255 1477 3312 admirabilem

360 3325 440 3378 iliam
449 3341 517 3379 cum
526 3323 658 3394 Corpore
668 3335 699 3378 et
708 3325 820 3379 Anima
828 3323 1046 3396 hypostaticam
1056 3325 1212 3388 unionem:
1230 3335 1261 3379 et
1269 3327 1350 3396 quod
1359 3337 1480 3382 tantun-

359 3397 428 3449 dem
442 3396 497 3449 sub
509 3396 603 3450 altera
611 3395 711 3465 specie
723 3404 814 3466 atque
824 3396 881 3449 sub
892 3406 1017 3465 utraque
1030 3395 1234 3460 contineatur;
1252 3398 1382 3466 acquod
1396 3407 1478 3452 totus

359 3477 391 3519 et
401 3466 516 3536 integer
523 3465 660 3520 Christus
669 3467 725 3520 sub
736 3465 827 3520 Panis
836 3466 946 3535 specie,
955 3476 986 3520 et
994 3467 1051 3520 sub
1059 3466 1163 3536 quavis
1174 3467 1282 3522 istiuas
1322 3467 1378 3522 ciei
1388 3479 1479 3538 parte.

358 3547 484 3590 actotus
492 3537 582 3596 etiam
590 3535 722 3590 subVini
731 3537 829 3607 specie
837 3548 869 3592 et
877 3536 967 3608 hujus
976 3537 1108 3608 partibus
1116 3537 1252 3593 existat''
1314 3539 1478 3610 um“quod

359 3623 437 3677 aqua
449 3607 520 3661 vino
534 3607 712 3662 miscenda'’

360 3768 457 3832 Haec
480 3777 559 3832 sunt
581 3768 653 3851 ipsa
674 3769 807 3832 illorum
825 3767 940 3844 verba,
959 3789 1046 3853 quae
1068 3769 1158 3852 quod
1182 3769 1249 3833 sint
1272 3778 1394 3834 contra
1410 3771 1477 3834 vim

358 3863 538 3926 verborum
554 3861 701 3937 Domini,
720 3864 782 3945 ipsi
805 3862 964 3926 latentur.
1010 3862 1094 3945 Quis
1117 3865 1172 3947 qui
1195 3865 1228 3926 in
1247 3863 1374 3946 judicio
1396 3883 1478 3928 sano

359 3967 424 4032 est,
450 3976 517 4020 non
542 3957 633 4020 videt
656 3958 701 4020 ibi
722 3958 795 4040 ipsa
818 3957 911 4021 Vera
932 3959 1076 4032 inversa,
1096 3969 1131 4022 et
1154 3977 1319 4022 conversa
1339 3961 1374 4022 in
1396 3957 1479 4023 falsa

359 4072 419 4134 per
436 4053 620 4126 ratiocinia,
637 4072 724 4134 quae
738 4049 821 4115 redii
837 4052 940 4116 corde
955 4072 1023 4115 non
1040 4062 1181 4135 possunt
1200 4073 1269 4116 non
1284 4053 1477 4118 abominari.

360 4144 428 4209 Sed
455 4166 513 4208 cur
534 4146 618 4222 hoc;
648 4166 763 4209 annon
789 4146 899 4209 solum
926 4155 1064 4228 propter
1090 4145 1222 4220 Missas,
1245 4167 1328 4230 quas
1355 4157 1478 4212 vocant

359 4238 529 4303 Sacrificia
547 4241 788 4324 propitiatoria,
808 4237 1030 4314 sanstissima
1051 4260 1142 4322 pura,
1160 4250 1194 4304 et
1214 4260 1283 4304 non
1303 4242 1364 4304 nisi
1381 4261 1476 4305 sanc·

359 4344 432 4397 tum
451 4335 484 4396 in
505 4333 580 4409 illis,
600 4353 659 4416 per
677 4353 760 4416 quas
778 4333 991 4397 infunderent
1006 4335 1162 4398 sensibus
1181 4337 1351 4417 corporeis
1370 4335 1475 4399 homi·

359 4447 439 4490 num
455 4425 683 4502 sanititatem,
700 4437 735 4491 et
751 4428 849 4491 simul
866 4425 1001 4492 nodiem
1017 4430 1050 4490 in
1067 4430 1221 4491 omnibus
1238 4427 1316 4502 fidei
1334 4440 1370 4493 et
1389 4431 1476 4492 vitae

359 4520 548 4602 spiritualis,
565 4531 599 4585 et
618 4523 701 4586 haec
721 4531 860 4604 propter
878 4542 1014 4586 causam
1033 4533 1069 4586 ut
1088 4525 1121 4586 in
1141 4521 1286 4604 caligine
1302 4523 1475 4587 dominen-

359 4627 414 4680 tur
432 4626 466 4679 et
490 4616 679 4680 lucrentur:
710 4627 783 4680 tum
802 4627 838 4680 ut
862 4618 904 4682 de
924 4615 1086 4681 Ministris
1108 4618 1151 4683 sit
1174 4617 1260 4694 idea,
1279 4619 1370 4702 quod
1389 4617 1476 4702 pleni
