3384 5400
314 689 380 773 656
609 745 611 750 .
638 703 887 756 neocnnvesis
909 701 1122 754 22222222.

317 885 353 938 et
377 895 414 938 se
437 855 721 956 superimponere.
766 871 857 955 Quid
879 871 1125 947 detestabilius,
1149 891 1251 957 quam
1273 870 1434 948 Verbum,

317 969 409 1051 quod
428 979 481 1032 est
502 969 611 1050 ipsum
635 967 794 1032 Divinum
814 966 954 1044 Verum,
974 967 1102 1032 anferre
1124 966 1237 1031 Laicis
1255 977 1291 1031 et
1309 967 1435 1051 Vulgo,

317 1072 353 1125 et
378 1062 455 1125 loco
477 1061 547 1144 ejus
569 1062 650 1125 dare
673 1059 784 1125 edicta
806 1072 843 1126 et
865 1062 1041 1143 dogmata,
1061 1062 1096 1125 in
1118 1062 1237 1145 quibus
1255 1063 1314 1126 vix
1337 1083 1436 1127 unum

317 1157 501 1238 genuinum
520 1176 636 1221 verum
656 1154 761 1220 Verbi
780 1166 843 1220 est.
889 1156 986 1221 Haec
1004 1165 1096 1232 sunt,
1115 1157 1159 1220 de
1176 1156 1297 1241 quibus
1318 1158 1353 1222 in
1374 1157 1436 1222 hoc

318 1252 431 1335 capite
449 1250 695 1334 Apocalypseos
714 1252 834 1333 agitur,

375 1367 474 1437 754.
502 1360 520 1391 ⁴¹
531 1353 594 1415 riri
604 1353 724 1434 [dium]
737 1352 884 1437 Angelum
890 1353 1128 1418 622222622222
1138 1373 1157 1417 ο
1167 1352 1270 1428 caelo,
1280 1354 1438 1418 tamtan

314 1450 500 1527 potestatem
509 1464 663 1527 22272222,
673 1449 709 1508 et
717 1450 804 1507 leem
814 1445 971 1508 illustr-eta
984 1450 1037 1509 eet
1047 1464 1068 1506 2
1079 1445 1181 1528 plor-lu
1191 1445 1300 1527 φιβ’
1311 1446 1437 1528 signifi·

318 1547 375 1600 cat
398 1535 561 1620 inflexum
584 1536 754 1600 Dominie
773 1535 881 1612 Caelo,
893 1537 1022 1618 fortem
1039 1548 1104 1620 per
1121 1537 1282 1618 Divinum
1307 1537 1436 1610 Verum,

317 1652 436 1713 exque
450 1631 599 1695 Ecclesia
613 1631 777 1713 Jpsae'usnin
793 1631 862 1696 luce
870 1631 1200 1713 melestr'fuit.-Per
1212 1637 1232 1664 “
1242 1631 1438 1714 Angelum”

319 1724 528 1806 significatur
561 1725 749 1805 Dominus;
786 1748 846 1810 per
881 1727 1088 1810 “Angelum
1121 1727 1389 1791 descendentem
1420 1750 1439 1792 e

319 1817 425 1884 Caelo
433 1819 675 1902 ’'significatur
692 1821 838 1886 influxus
862 1821 999 1885 Domini
1016 1842 1037 1885 e
1055 1820 1181 1899 Caelo;
1203 1840 1264 1903 per
1283 1821 1438 1886 “haben-

320 1922 391 1976 tem
415 1923 625 1995 potestatem
649 1935 810 1998 magnam
818 1916 833 1942 ”
852 1915 1060 1997 significatur
1078 1915 1223 1978 influxus
1243 1915 1360 1994 sortis;
1381 1936 1439 2000 per

321 2015 476 2072 “terram
496 2008 700 2074 illustratam
723 2029 743 2073 a
766 2010 875 2092 gloria
893 2009 997 2092 Ejus''
1015 2009 1224 2092 significatur
1241 2009 1399 2074 Ecclesia
1418 2030 1439 2073 a

322 2101 471 2166 Domino
495 2123 554 2186 per
578 2103 736 2168 Divinum
762 2104 892 2169 Verum
915 2107 950 2168 in
974 2104 1049 2168 luce
1072 2103 1232 2174 caelesti:
1266 2105 1358 2187 quod
1382 2125 1439 2188 per

321 2195 526 2278 “Angelum
534 2198 549 2224 ''
565 2208 600 2263 et
616 2219 676 2282 per
689 2199 877 2282 “Angelos
884 2199 899 2225 ”
911 2202 945 2264 in
961 2198 1079 2264 Verbo
1094 2198 1306 2280 intelligatur
1322 2199 1438 2263 Domi·

319 2312 392 2368 nus,
413 2293 567 2357 videatur
585 2313 617 2357 n.
637 2295 708 2375 258,
727 2311 798 2374 344,
814 2294 889 2376 465,
905 2295 979 2376 649,
995 2294 1068 2376 657,
1085 2297 1167 2375 7183
1191 2315 1250 2376 per
1270 2293 1438 2358 “descen-

319 2389 399 2452 dere
407 2388 422 2413 ''
451 2387 660 2469 significatur
691 2387 838 2464 influere,
869 2391 947 2471 quia
977 2389 1020 2452 de
1053 2389 1222 2467 Domino;
1259 2388 1350 2471 quod
1381 2407 1440 2470 per

321 2483 499 2548 “terram’'
517 2483 724 2564 significetur
744 2483 911 2558 Ecclesia,
928 2504 960 2548 n.
981 2486 1052 2564 285,
1069 2499 1127 2564 721
1142 2505 1153 2561 ;
1173 2483 1264 2566 quod
1282 2481 1438 2565 “gloria''

319 2579 452 2642 dicatur
478 2577 521 2640 de
548 2575 672 2640 Divino
699 2576 803 2653 Ver0,
831 2587 868 2642 et
895 2576 1063 2659 significet
1087 2577 1181 2654 illud,
1209 2597 1241 2640 n.
1268 2592 1341 2657 249,
1367 2576 1438 2657 629

320 2673 452 2737 Dicitur
468 2669 627 2735 Divinum
645 2669 772 2735 Verum
788 2672 822 2736 in
839 2671 914 2736 luce
930 2670 1080 2747 caelesti,
1097 2672 1175 2755 quia
1194 2671 1354 2735 Divinum
1369 2668 1438 2734 Ve-

319 2786 394 2833 rum
405 2767 594 2849 procedens
606 2785 627 2829 a
640 2764 789 2829 Domino
801 2776 854 2829 est
868 2766 945 2830 Lux
958 2765 1062 2841 Caeli,
1076 2788 1162 2849 quae
1174 2766 1322 2831 illustrat
1334 2785 1438 2848 ange·

320 2864 382 2937 los,
394 2871 430 2925 et
443 2862 643 2943 sapientiam
656 2880 772 2925 eorum
782 2860 873 2925 lacit.
907 2860 1008 2943 Quod
1021 2881 1109 2925 nunc
1119 2861 1253 2925 dicatur
1262 2861 1303 2925 dc
1313 2861 1439 2925 influxu

320 2957 459 3020 Domini
481 2975 540 3038 per
560 2954 718 3018 Divinum
738 2953 885 3030 Verum,¹
898 2967 934 3019 et
954 2955 996 3020 de
1019 2955 1245 3021 illustratione
1264 2954 1439 3019 Ecclesiae

319 3071 380 3133 per
402 3051 445 3125 id,
471 3060 524 3113 est
546 3049 623 3132 quia
645 3069 705 3131 per
727 3048 822 3113 illum
847 3050 1011 3113 inlinitum
1034 3060 1234 3132 separantur
1254 3049 1304 3114 illi
1321 3052 1382 3134 qui
1406 3052 1439 3114 in

319 3144 411 3209 salsis
431 3155 509 3207 sunt
528 3145 572 3207 ab
590 3143 655 3207 illis
673 3144 729 3226 qui
747 3144 781 3206 in
797 3144 895 3220 veris,
912 3154 947 3208 et
966 3163 1099 3227 quoque
1115 3143 1199 3207 salsa
1217 3165 1262 3208 ex
1281 3144 1357 3208 luce
1371 3145 1440 3209 veri

266 3294 268 3299 ,
320 3249 486 3323 apparent
504 3238 616 3322 qualia
634 3248 722 3304 sunt.
1350 3239 1356 3251 '

379 3354 476 3424 735.
502 3350 588 3418 [Vm.
602 3348 640 3415 2.]
666 3346 685 3377 ‘¹
693 3338 732 3403 lt
742 3340 970 3404 exclamarit-ln
982 3340 1092 3405 simule
1103 3360 1176 3406 2222
1188 3362 1313 3425 meque,
1323 3342 1439 3415 diunt,

320 3431 446 3503 docr'dil,
461 3431 575 3495 222Μῆ
592 3430 727 3514 Babylon
747 3430 898 3514 magnust
912 3431 1082 3513 significat
1097 3434 1189 3515 quod
1199 3433 1441 3514 notumflcerit

319 3525 410 3607 quod
417 3534 481 3606 per
494 3522 655 3587 Dr'vr'nam
668 3524 853 3605 potentiam
866 3523 1011 3600 Domim‘,
1027 3546 1137 3590 omnes
1152 3526 1258 3609 quiin
1272 3524 1440 3608 Relrgrbso
1553 3571 1555 3575 -

319 3618 377 3683 illo
393 3628 427 3682 et
446 3617 551 3681 simul
568 3618 603 3680 ἐκ
625 3638 736 3681 amore
753 3618 949 3682 domrlrandi
962 3640 1006 3681 ex
1025 3618 1083 3683 illo
1095 3620 1304 3700 suamne-iu
1322 3620 1440 3683 mdo

320 3711 497 3795 spirituali
511 3712 675 3776 destructi
689 3712 767 3788 crist,
783 3721 816 3776 et
832 3712 868 3777 in
881 3711 987 3794 plura
1004 3713 1139 3795 r'nferna
1155 3713 1439 3797 consedit-Quod

320 3810 403 3873 haec
424 3828 483 3891 per
501 3806 559 3871 illa
574 3808 677 3870 verba
695 3806 938 3889 significentur,
954 3818 1114 3872 constare
1129 3818 1245 3890 potest
1263 3830 1309 3872 ex
1327 3807 1439 3892 Opus·

319 3902 397 3966 culo
413 3902 456 3965 de
476 3900 599 3966 Ultimo
614 3900 750 3976 Judrtd
763 3910 796 3965 et
810 3902 851 3965 de
866 3901 1052 3983 Babylonia
1062 3902 1241 3979 destrulla,
1255 3923 1347 3967 anno
1362 3904 1440 3985 1758

320 3997 467 4060 Londini
485 3996 590 4072 edito,
608 3997 663 4059 ubi
678 3997 879 4061 describitur
892 3995 1079 4061 destructio
1097 3996 1166 4078 ejus
1184 4018 1206 4060 a
1223 4017 1255 4060 n.
1274 4012 1312 4079 53
1326 3997 1371 4062 ad
1386 3998 1438 4077 64,

319 4110 364 4153 ex
387 4111 456 4174 quo
477 4092 581 4154 videri
604 4100 731 4173 potest,
754 4092 845 4174 quod
871 4090 920 4155 illi
946 4112 1056 4155 exeo
1080 4090 1255 4173 Religioso
1278 4092 1442 4157 destrudii
1468 4092 1478 4103 '

319 4184 441 4249 luerint
464 4196 500 4249 et
523 4182 667 4267 conjecti
693 4186 726 4247 in
750 4186 933 4261 Internum,
956 4187 1013 4269 qui
1038 4208 1084 4251 ex
1107 4195 1222 4250 oestro
1245 4188 1370 4251 amoris
1391 4188 1440 4250 sui

319 4279 486 4344 dominati
509 4288 587 4343 sunt
606 4298 705 4361 super
724 4278 850 4343 Sancta
872 4280 997 4344 Divina
1019 4280 1167 4355 Domini,
1188 4300 1273 4363 quae
1292 4280 1387 4345 Caeli
1405 4290 1441 4344 et

320 4373 498 4443 Ecclesiae
510 4384 600 4449 sunt,
613 4385 649 4437 et
661 4374 716 4456 qui
733 4394 823 4437 mere
839 4374 1041 4438 idololatrae
1051 4375 1204 4452 luerunt3
1223 4376 1313 4458 quod
1324 4385 1439 4440 autem

319 4469 367 4533 illi
386 4490 431 4533 ex
450 4470 572 4532 eodem
591 4467 777 4550 Religioso,
797 4470 853 4552 qui
871 4470 1030 4534 vixerunt
1048 4470 1234 4533 secundum
1257 4480 1441 4553 praecepta

213 4592 215 4597 ·
320 4562 487 4645 Decalogi
511 4563 672 4645 fugiendo
689 4561 779 4626 mala
797 4573 834 4627 ut
857 4572 1011 4645 peccata,
1029 4573 1064 4627 et
1083 4563 1181 4627 simul
1200 4562 1440 4646 spectaverunt

320 4656 364 4721 sd
394 4655 589 4735 Dominum,
618 4656 741 4721 salvati
770 4658 849 4737 sint,
877 4658 1032 4722 videatur
1060 4658 1094 4721 in
1118 4656 1377 4727 continuatione
1401 4662 1441 4726 dc
