3384 5400
371 672 433 741 702
690 668 940 721 APOCALYPSIS
963 669 1175 721 REVELATA.

434 840 491 904 Ex
507 842 560 905 lris
576 860 663 905 nunc
676 840 781 905 videri
796 849 912 925 potest
928 841 1030 905 series
1046 860 1156 906 rerum
1171 841 1204 905 in
1220 839 1271 907 his
1287 840 1373 905 binis
1388 840 1487 906 versi·

370 938 444 1013 bus,
465 957 551 1019 quae
573 946 638 1013 est,

607 1080 681 1142 Quod
685 1077 760 1129 utut]
767 1078 815 1143 qui
822 1079 851 1127 in
859 1078 981 1143 Religion
988 1078 1196 1129 r'llosrmtnonrit
1203 1080 1291 1144 alr'qua
1299 1078 1400 1146 affldio
1407 1080 1492 1128 veriet

703 1146 763 1195 boni
770 1145 913 1209 spiritualis
923 1148 958 1207 (n.
972 1147 1046 1210 792);

608 1214 683 1277 Qud
696 1229 748 1261 non
759 1213 853 1277 alr‘quss
864 1213 1003 1261 intellectus
1013 1212 1072 1261 veri
1085 1212 1234 1276 pirama,
1245 1220 1269 1261 et
1281 1213 1340 1261 r'rrde
1351 1229 1396 1261 nec
1406 1212 1490 1275 aliqua

703 1280 816 1343 cogitatio
831 1279 884 1345 q'us
899 1280 935 1341 (n.
948 1278 1016 1343 793),
1027 1278 1141 1345 cogv'tats'o
1157 1279 1225 1328 enim
1238 1286 1273 1329 ert
1287 1296 1319 1328 ex
1330 1279 1492 1345 offertionem

702 1347 838 1394 remndum
851 1346 942 1402 silam,-

607 1414 683 1476 Quod
690 1428 735 1461 suc
745 1412 834 1476 aliqua
845 1412 983 1476 inquisitio,
991 1412 1111 1463 muro
1120 1418 1145 1461 et
1155 1411 1313 1477 confirmatio
1324 1412 1383 1461 veri
1390 1412 1490 1477 spir-riu·

607 1546 682 1609 Quod
689 1479 973 1609 affligemiano&
984 1560 1001 1593 a
1012 1544 1133 1603 Domino,
1141 1552 1165 1593 et
1175 1544 1234 1593 inde
1245 1560 1296 1594 uon
1302 1546 1427 1610 perceptio
1437 1544 1492 1594 ueri

604 1610 961 1743 simimiiali‘ssl
969 1646 1003 1727 'su
1012 1677 1100 1742 usqua
1108 1678 1492 1745 consummaveram

697 1746 769 1811 sacr't
780 1745 918 1793 Ecclesiam
931 1746 966 1808 (n.
980 1745 1046 1810 797).

373 1892 470 1957 Haec
492 1892 541 1955 ita
559 1910 692 1973 quoque
710 1889 828 1953 ordine
846 1898 1039 1971 sequuntur.

434 1987 535 2070 798.
565 1984 734 2067 Quoniam
746 1985 868 2048 dicitur
881 1985 971 2066 quod
988 1982 1053 2047 illis
1065 2003 1133 2047 non
1149 1986 1193 2048 sit
1208 1985 1320 2069 aliqua
1333 1985 1489 2067 conjunc·

371 2083 420 2144 tio
438 2081 518 2144 boni
536 2090 571 2143 et
590 2079 670 2153 veri,
687 2080 764 2162 quia
781 2080 870 2161 apud
890 2078 965 2142 illos
985 2099 1052 2142 non
1071 2089 1125 2143 est
1143 2079 1334 2163 conjugium
1355 2080 1489 2144 Domini

371 2186 407 2238 et
431 2173 616 2247 Ecclesiae,
636 2174 766 2237 dicetur
783 2174 837 2236 hic
856 2172 981 2255 aliquid
1004 2175 1047 2237 de
1070 2184 1244 2256 potestate
1263 2174 1435 2257 aperiendi
1456 2185 1489 2237 et

371 2268 550 2333 claudendi
563 2266 713 2343 Caelum,
723 2288 810 2350 quae
821 2288 922 2331 unum
936 2268 1008 2349 agit
1020 2287 1096 2331 cum
1110 2278 1284 2351 potestate
1296 2270 1488 2337 remittendi

371 2375 407 2427 et
438 2364 604 2427 retinendi
634 2372 786 2445 peccata,
811 2382 912 2445 quarn
942 2363 1005 2426 sibi
1034 2372 1072 2426 ut
1101 2383 1313 2429 successores
1337 2362 1427 2428 Petri
1456 2374 1489 2429 et

372 2458 620 2541 Apostolorum
639 2458 812 2521 vindicant
825 2479 878 2519 :-

437 2552 533 2617 Dixit
554 2552 720 2615 Dominus
737 2552 781 2615 ad
799 2552 948 2626 Petrum,

449 2701 624 2816 511111ἳῖ1ο
631 2698 1162 2829 „tltnit‘rlrll¹?⁰²ltl³⁶tlr
1165 2698 1382 2832 'salunt
1399 2713 1491 2818 tulf:

503 2846 574 2891 rum;
597 2841 624 2881 et
646 2832 769 2896 quicquid
791 2832 917 2894 ligaveris
940 2833 968 2881 in
990 2840 1070 2890 terra,
1093 2833 1143 2882 erit
1165 2832 1276 2896 ligatum
1297 2834 1323 2882 in
1345 2833 1443 2893 Caelis,
1465 2843 1491 2884 et

503 2898 626 3027 (Χιὲῗοιᾳῶἰά
645 2897 758 2947 solveris
779 2897 806 2947 in
826 2905 905 2957 terra,
925 2898 976 2948 erit
995 2899 1113 2948 solutum
1133 2898 1161 2948 in
1181 2897 1292 2950 Caelis''
1309 2898 1418 2963 (Matri.
1437 2900 1488 2950 xvi.

373 3110 532 3174 Divinum
546 3107 684 3182 Verum,
698 3108 788 3190 quod
800 3106 1001 3192 intelligitur
1013 3128 1072 3191 per
1085 3113 1104 3142 “
1113 3108 1248 3174 Petram
1256 3107 1272 3134 ‘¹
1281 3129 1380 3191 super
1392 3129 1489 3192 quam

374 3206 539 3269 Dominus
554 3201 789 3266 aedificaturus
805 3200 996 3265 Ecclesiam
1013 3201 1125 3277 Suam,
1142 3213 1195 3266 est
1211 3202 1301 3286 quod
1321 3203 1489 3267 confessus

373 3311 427 3364 est
450 3301 567 3363 Petrus
591 3308 682 3371 tunc,
706 3297 795 3378 quod
826 3306 910 3371 erat,
936 3297 1017 3360 “Tu
1047 3317 1083 3360 es
1110 3296 1274 3372 Christus,
1300 3297 1404 3361 Filius
1427 3298 1488 3362 Dei

373 3391 535 3458 viventis'’
550 3392 649 3473 (vers.
670 3391 716 3464 16,
730 3390 788 3472 ibi)
802 3411 809 3453 :
834 3410 894 3473 per
907 3391 1049 3454 “claves
1062 3391 1173 3472 Regni
1186 3390 1394 3466 Caelorum,”
1406 3414 1489 3475 quae

373 3500 463 3562 sunt,
477 3487 566 3569 quod
580 3486 736 3568 quicquid
753 3486 852 3548 Petra
867 3486 934 3559 illa,
948 3505 1034 3568 quae
1048 3497 1101 3549 est
1117 3485 1292 3562 Dominus,
1308 3485 1489 3568 “ligaverit

373 3586 406 3646 in
424 3593 523 3656 terra,
539 3583 602 3644 erit
619 3579 760 3661 ligatum
776 3581 810 3642 in
826 3578 948 3652 Caelis,
965 3589 1000 3643 et
1016 3579 1172 3663 quicquid
1187 3580 1327 3644 solverit
1343 3582 1375 3644 in
1391 3591 1488 3654 terra,

373 3680 437 3741 erit
449 3676 597 3739 solutum
610 3677 644 3738 in
658 3673 796 3748 Caelis,”
808 3674 1009 3755 intelligitur
1020 3676 1109 3756 quod
1124 3674 1271 3738 Domino
1283 3677 1327 3739 sit
1339 3687 1489 3758 potestas

373 3793 473 3854 super
498 3769 637 3834 Caelum
665 3778 700 3832 et
728 3780 863 3842 terram,
888 3779 924 3832 ut
951 3788 1084 3851 quoque
1110 3769 1202 3845 dicit,
1226 3769 1351 3834 Marta.
1374 3770 1488 3833 xxviii.

378 3869 433 3942 18;
459 3865 505 3928 ita
524 3874 678 3946 potestas
697 3862 849 3926 salvandi
868 3864 1031 3938 homines,
1051 3864 1158 3946 quiin
1177 3864 1235 3927 illa
1254 3864 1342 3927 Petri
1361 3863 1487 3929 confes·

373 3962 468 4022 sione
486 3979 531 4022 ex
550 3957 616 4021 fide
634 3959 744 4020 cordis
763 3969 851 4020 sunt.
897 3957 1020 4022 Divina
1038 3958 1175 4023 Domini
1193 3960 1346 4040 operatio
1363 3960 1406 4022 ad
1424 3957 1487 4020 sal·

373 4055 520 4117 vandum
540 4053 692 4116 homines
711 4062 763 4116 est
783 4073 802 4115 a
823 4053 937 4134 primis
956 4072 1015 4135 per
1034 4052 1171 4130 ultima;
1194 4063 1229 4115 et
1248 4052 1313 4115 hoc
1332 4063 1384 4117 est
1403 4051 1487 4135 quod
1586 4080 1589 4090 v
1638 4049 1639 4060 ’

1638 4149 1639 4176 l

374 4147 585 4229 intelligitur,
609 4166 668 4229 per
692 4147 877 4229 “quicquid
905 4145 1060 4227 ligaverit
1083 4157 1141 4210 aut
1164 4146 1303 4210 solverit
1336 4148 1369 4209 in
1393 4155 1486 4218 terra,

374 4243 437 4305 erit
450 4242 591 4323 ligatum
604 4251 661 4303 aut
675 4240 821 4304 solutum
836 4240 869 4304 in
883 4239 1014 4304 Caelo.”
1057 4240 1191 4305 Ultima
1205 4261 1264 4322 per
1276 4259 1362 4322 quae
1375 4240 1488 4302 Domi·

375 4356 437 4398 nus
469 4345 638 4417 operatur,
668 4345 747 4398 sunt
778 4336 812 4397 in
845 4345 945 4410 terra,
976 4344 1011 4399 et
1040 4335 1175 4418 quidem
1208 4336 1297 4416 apud
1330 4335 1487 4398 homines.

375 4431 516 4512 Propter
532 4430 577 4505 id,
594 4439 630 4492 ut
647 4428 813 4492 Dominus
832 4429 911 4512 lpse
928 4431 961 4492 in
981 4429 1107 4494 ultimis
1122 4439 1212 4493 esset
1228 4430 1314 4494 sicut
1331 4431 1364 4492 in
1381 4429 1489 4512 primis

374 4534 439 4597 est,
458 4525 551 4587 venit
574 4524 607 4585 in
627 4524 798 4596 mundum,
818 4533 854 4586 et
878 4525 986 4587 induit
1011 4523 1215 4587 Humanum.
1260 4521 1362 4604 Quod
1385 4515 1490 4586 omnis

376 4617 499 4680 Divina
518 4615 681 4700 Operatio
701 4617 837 4680 Domini
860 4619 903 4682 sit
927 4639 946 4682 a
969 4619 1083 4702 primis
1106 4638 1165 4700 per
1187 4617 1316 4693 ultima,
1336 4619 1384 4683 ita
1406 4639 1426 4680 a
1448 4615 1490 4681 Se
