<?xml version="1.0" encoding="UTF-8"?>
<!DOCTYPE html PUBLIC "-//W3C//DTD XHTML 1.0 Transitional//EN"
    "http://www.w3.org/TR/xhtml1/DTD/xhtml1-transitional.dtd">
<html xmlns="http://www.w3.org/1999/xhtml" xml:lang="en" lang="en">
 <head>
  <title>
</title>
<meta http-equiv="Content-Type" content="text/html;charset=utf-8" />
  <meta name='ocr-system' content='tesseract 3.04.00' />
  <meta name='ocr-capabilities' content='ocr_page ocr_carea ocr_par ocr_line ocrx_word'/>
</head>
<body>
  <div class='ocr_page' id='page_1' title='image "./apocalypsisreve00swedgoog_0213.png"; bbox 0 0 3384 5400; ppageno 0'>
   <div class='ocr_carea' id='block_1_1' title="bbox 520 668 1359 745">
    <p class='ocr_par' dir='ltr' id='par_1_1' title="bbox 520 668 1359 745">
     <span class='ocr_line' id='line_1_1' title="bbox 520 668 1359 745; baseline 0.001 -19"><span class='ocrx_word' id='word_1_1' title='bbox 520 671 952 745; x_wconf 77' lang='lat' dir='ltr'>cuu.x1x.,vens.9.-u.</span> <span class='ocrx_word' id='word_1_2' title='bbox 969 668 1040 728; x_wconf 73' lang='grc' dir='ltr'>διο.</span> <span class='ocrx_word' id='word_1_3' title='bbox 1298 676 1359 744; x_wconf 78' lang='lat'>723</span> 
     </span>
    </p>
   </div>
   <div class='ocr_carea' id='block_1_2' title="bbox 210 844 1360 4711">
    <p class='ocr_par' dir='ltr' id='par_1_2' title="bbox 210 844 1360 4711">
     <span class='ocr_line' id='line_1_2' title="bbox 237 844 1360 931; baseline -0.001 -20"><span class='ocrx_word' id='word_1_4' title='bbox 237 846 361 930; x_wconf 81' lang='lat' dir='ltr'>priora,</span> <span class='ocrx_word' id='word_1_5' title='bbox 375 866 461 930; x_wconf 90' lang='lat' dir='ltr'>quae</span> <span class='ocrx_word' id='word_1_6' title='bbox 479 844 650 927; x_wconf 86' lang='lat' dir='ltr'>Johannes</span> <span class='ocrx_word' id='word_1_7' title='bbox 665 847 803 921; x_wconf 85' lang='lat' dir='ltr'>audivit,</span> <span class='ocrx_word' id='word_1_8' title='bbox 819 846 942 911; x_wconf 84' lang='lat' dir='ltr'>luerint</span> <span class='ocrx_word' id='word_1_9' title='bbox 961 868 1005 911; x_wconf 87' lang='lat' dir='ltr'>ex</span> <span class='ocrx_word' id='word_1_10' title='bbox 1025 850 1098 931; x_wconf 88' lang='lat' dir='ltr'>ipso</span> <span class='ocrx_word' id='word_1_11' title='bbox 1115 846 1229 923; x_wconf 87' lang='lat' dir='ltr'>Caelo,</span> <span class='ocrx_word' id='word_1_12' title='bbox 1245 844 1281 911; x_wconf 90' lang='lat' dir='ltr'>et</span> <span class='ocrx_word' id='word_1_13' title='bbox 1301 867 1360 930; x_wconf 91' lang='lat' dir='ltr'>per</span> 
     </span>
     <span class='ocr_line' id='line_1_3' title="bbox 236 940 1359 1026; baseline 0 -21"><span class='ocrx_word' id='word_1_14' title='bbox 236 940 365 1005; x_wconf 91' lang='lat' dir='ltr'>multos</span> <span class='ocrx_word' id='word_1_15' title='bbox 380 941 522 1023; x_wconf 85' lang='lat' dir='ltr'>angelos</span> <span class='ocrx_word' id='word_1_16' title='bbox 541 941 638 1005; x_wconf 91' lang='lat' dir='ltr'>simul</span> <span class='ocrx_word' id='word_1_17' title='bbox 658 941 836 1024; x_wconf 91' lang='lat' dir='ltr'>loquentes</span> <span class='ocrx_word' id='word_1_18' title='bbox 855 962 874 1005; x_wconf 89' lang='lat' dir='ltr'>a</span> <span class='ocrx_word' id='word_1_19' title='bbox 894 942 1052 1018; x_wconf 91' lang='lat' dir='ltr'>Domino,</span> <span class='ocrx_word' id='word_1_20' title='bbox 1069 953 1165 1026; x_wconf 88' lang='lat' dir='ltr'>patet</span> <span class='ocrx_word' id='word_1_21' title='bbox 1182 942 1359 1007; x_wconf 78' lang='lat' dir='ltr'>manifeste</span> 
     </span>
     <span class='ocr_line' id='line_1_4' title="bbox 235 1033 1358 1121; baseline 0.002 -22"><span class='ocrx_word' id='word_1_22' title='bbox 235 1056 256 1099; x_wconf 90' lang='lat' dir='ltr'>a</span> <span class='ocrx_word' id='word_1_23' title='bbox 279 1036 430 1100; x_wconf 86' lang='lat' dir='ltr'>versibus</span> <span class='ocrx_word' id='word_1_24' title='bbox 452 1035 732 1117; x_wconf 86' lang='lat' dir='ltr'>praecedentibus</span> <span class='ocrx_word' id='word_1_25' title='bbox 756 1033 861 1118; x_wconf 83' lang='lat'>(5-7),</span> <span class='ocrx_word' id='word_1_26' title='bbox 881 1039 935 1100; x_wconf 91' lang='lat' dir='ltr'>ubi</span> <span class='ocrx_word' id='word_1_27' title='bbox 958 1038 1089 1113; x_wconf 90' lang='lat' dir='ltr'>dicitur,</span> <span class='ocrx_word' id='word_1_28' title='bbox 1108 1038 1198 1121; x_wconf 90' lang='lat' dir='ltr'>quod</span> <span class='ocrx_word' id='word_1_29' title='bbox 1220 1042 1317 1100; x_wconf 87' lang='lat' dir='ltr'>“vox</span> <span class='ocrx_word' id='word_1_30' title='bbox 1340 1059 1358 1101; x_wconf 93' lang='lat' dir='ltr'>e</span> 
     </span>
     <span class='ocr_line' id='line_1_5' title="bbox 235 1128 1358 1215; baseline 0.004 -22"><span class='ocrx_word' id='word_1_31' title='bbox 235 1128 379 1193; x_wconf 87' lang='lat' dir='ltr'>Throno</span> <span class='ocrx_word' id='word_1_32' title='bbox 397 1130 571 1205; x_wconf 86' lang='lat' dir='ltr'>exiverit,”</span> <span class='ocrx_word' id='word_1_33' title='bbox 586 1141 621 1193; x_wconf 94' lang='lat' dir='ltr'>et</span> <span class='ocrx_word' id='word_1_34' title='bbox 636 1131 728 1213; x_wconf 93' lang='lat' dir='ltr'>quod</span> <span class='ocrx_word' id='word_1_35' title='bbox 746 1132 862 1194; x_wconf 87' lang='lat' dir='ltr'>audita</span> <span class='ocrx_word' id='word_1_36' title='bbox 881 1132 923 1195; x_wconf 93' lang='lat' dir='ltr'>sit</span> <span class='ocrx_word' id='word_1_37' title='bbox 942 1138 1039 1195; x_wconf 86' lang='lat' dir='ltr'>“vox</span> <span class='ocrx_word' id='word_1_38' title='bbox 1059 1142 1221 1215; x_wconf 81' lang='lat' dir='ltr'><strong>tanquam</strong></span> <span class='ocrx_word' id='word_1_39' title='bbox 1240 1133 1358 1197; x_wconf 81' lang='lat' dir='ltr'>turbae</span> 
     </span>
     <span class='ocr_line' id='line_1_6' title="bbox 236 1224 1358 1310; baseline 0.004 -23"><span class='ocrx_word' id='word_1_40' title='bbox 236 1224 376 1300; x_wconf 85' lang='lat' dir='ltr'>multae,</span> <span class='ocrx_word' id='word_1_41' title='bbox 395 1235 430 1289; x_wconf 92' lang='lat' dir='ltr'>et</span> <span class='ocrx_word' id='word_1_42' title='bbox 450 1237 611 1309; x_wconf 85' lang='lat' dir='ltr'><strong>tanquam</strong></span> <span class='ocrx_word' id='word_1_43' title='bbox 634 1245 794 1308; x_wconf 86' lang='lat' dir='ltr'>aquarum</span> <span class='ocrx_word' id='word_1_44' title='bbox 816 1225 1008 1297; x_wconf 81' lang='lat' dir='ltr'>multarum,</span> <span class='ocrx_word' id='word_1_45' title='bbox 1029 1236 1063 1291; x_wconf 93' lang='lat' dir='ltr'>et</span> <span class='ocrx_word' id='word_1_46' title='bbox 1087 1238 1249 1310; x_wconf 86' lang='lat' dir='ltr'>tanquam</span> <span class='ocrx_word' id='word_1_47' title='bbox 1268 1229 1358 1291; x_wconf 92' lang='lat' dir='ltr'>toni-</span> 
     </span>
     <span class='ocr_line' id='line_1_7' title="bbox 234 1320 1357 1403; baseline 0.003 -21"><span class='ocrx_word' id='word_1_48' title='bbox 234 1330 348 1383; x_wconf 92' lang='lat' dir='ltr'>truum</span> <span class='ocrx_word' id='word_1_49' title='bbox 364 1320 644 1395; x_wconf 88' lang='lat' dir='ltr'>vehementium,”</span> <span class='ocrx_word' id='word_1_50' title='bbox 659 1341 699 1383; x_wconf 91' lang='lat' dir='ltr'>ac</span> <span class='ocrx_word' id='word_1_51' title='bbox 715 1320 899 1399; x_wconf 77' lang='lat' dir='ltr'>dicentium</span> <span class='ocrx_word' id='word_1_52' title='bbox 918 1322 1152 1403; x_wconf 84' lang='lat' dir='ltr'>“gaudeamus</span> <span class='ocrx_word' id='word_1_53' title='bbox 1168 1332 1203 1385; x_wconf 89' lang='lat' dir='ltr'>et</span> <span class='ocrx_word' id='word_1_54' title='bbox 1222 1321 1357 1385; x_wconf 91' lang='lat' dir='ltr'>exulte-</span> 
     </span>
     <span class='ocr_line' id='line_1_8' title="bbox 234 1414 1358 1498; baseline 0.002 -21"><span class='ocrx_word' id='word_1_55' title='bbox 234 1434 311 1477; x_wconf 85' lang='lat' dir='ltr'>mus</span> <span class='ocrx_word' id='word_1_56' title='bbox 323 1414 349 1492; x_wconf 88' lang='lat'>;”</span> <span class='ocrx_word' id='word_1_57' title='bbox 370 1414 455 1478; x_wconf 91' lang='lat' dir='ltr'>haec</span> <span class='ocrx_word' id='word_1_58' title='bbox 473 1417 507 1478; x_wconf 91' lang='lat' dir='ltr'>in</span> <span class='ocrx_word' id='word_1_59' title='bbox 526 1414 655 1497; x_wconf 83' lang='lat' dir='ltr'>plurali,</span> <span class='ocrx_word' id='word_1_60' title='bbox 676 1434 764 1479; x_wconf 92' lang='lat' dir='ltr'>nunc</span> <span class='ocrx_word' id='word_1_61' title='bbox 782 1426 896 1478; x_wconf 89' lang='lat' dir='ltr'>autem</span> <span class='ocrx_word' id='word_1_62' title='bbox 920 1416 953 1479; x_wconf 91' lang='lat' dir='ltr'>in</span> <span class='ocrx_word' id='word_1_63' title='bbox 973 1415 1143 1498; x_wconf 86' lang='lat' dir='ltr'>singulari,</span> <span class='ocrx_word' id='word_1_64' title='bbox 1164 1417 1212 1480; x_wconf 88' lang='lat' dir='ltr'>ita</span> <span class='ocrx_word' id='word_1_65' title='bbox 1229 1417 1273 1481; x_wconf 90' lang='lat' dir='ltr'>ab</span> <span class='ocrx_word' id='word_1_66' title='bbox 1291 1436 1358 1481; x_wconf 91' lang='lat' dir='ltr'>uno</span> 
     </span>
     <span class='ocr_line' id='line_1_9' title="bbox 232 1507 1357 1593; baseline 0.002 -21"><span class='ocrx_word' id='word_1_67' title='bbox 232 1507 376 1590; x_wconf 87' lang='lat' dir='ltr'>Angelo</span> <span class='ocrx_word' id='word_1_68' title='bbox 406 1510 509 1572; x_wconf 91' lang='lat' dir='ltr'>misso</span> <span class='ocrx_word' id='word_1_69' title='bbox 538 1510 581 1572; x_wconf 89' lang='lat' dir='ltr'>ad</span> <span class='ocrx_word' id='word_1_70' title='bbox 611 1508 715 1573; x_wconf 91' lang='lat' dir='ltr'>illum.</span> <span class='ocrx_word' id='word_1_71' title='bbox 773 1508 841 1573; x_wconf 86' lang='lat' dir='ltr'>Sed</span> <span class='ocrx_word' id='word_1_72' title='bbox 868 1508 977 1573; x_wconf 92' lang='lat' dir='ltr'>dicam</span> <span class='ocrx_word' id='word_1_73' title='bbox 1004 1511 1174 1593; x_wconf 93' lang='lat' dir='ltr'>quomodo</span> <span class='ocrx_word' id='word_1_74' title='bbox 1204 1510 1253 1587; x_wconf 85' lang='lat' dir='ltr'>fit,</span> <span class='ocrx_word' id='word_1_75' title='bbox 1281 1530 1357 1575; x_wconf 92' lang='lat' dir='ltr'>cum</span> 
     </span>
     <span class='ocr_line' id='line_1_10' title="bbox 210 1602 1356 1688; baseline 0.003 -23"><span class='ocrx_word' id='word_1_76' title='bbox 210 1602 350 1686; x_wconf 35' lang='lat' dir='ltr'>,angeli</span> <span class='ocrx_word' id='word_1_77' title='bbox 373 1602 555 1686; x_wconf 88' lang='lat' dir='ltr'>loquuntur</span> <span class='ocrx_word' id='word_1_78' title='bbox 576 1623 652 1667; x_wconf 92' lang='lat' dir='ltr'>cum</span> <span class='ocrx_word' id='word_1_79' title='bbox 677 1605 822 1667; x_wconf 88' lang='lat' dir='ltr'>homine.</span> <span class='ocrx_word' id='word_1_80' title='bbox 880 1604 1053 1687; x_wconf 88' lang='lat' dir='ltr'>Nusquam</span> <span class='ocrx_word' id='word_1_81' title='bbox 1077 1604 1258 1688; x_wconf 91' lang='lat' dir='ltr'>loquuntur</span> <span class='ocrx_word' id='word_1_82' title='bbox 1280 1626 1356 1669; x_wconf 92' lang='lat' dir='ltr'>cum</span> 
     </span>
     <span class='ocr_line' id='line_1_11' title="bbox 231 1697 1358 1783; baseline 0.006 -24"><span class='ocrx_word' id='word_1_83' title='bbox 231 1697 296 1760; x_wconf 92' lang='lat' dir='ltr'>illo</span> <span class='ocrx_word' id='word_1_84' title='bbox 313 1718 334 1761; x_wconf 92' lang='lat' dir='ltr'>e</span> <span class='ocrx_word' id='word_1_85' title='bbox 352 1697 477 1775; x_wconf 86' lang='lat' dir='ltr'>Caelo;</span> <span class='ocrx_word' id='word_1_86' title='bbox 499 1698 560 1761; x_wconf 91' lang='lat' dir='ltr'>sed</span> <span class='ocrx_word' id='word_1_87' title='bbox 575 1718 645 1761; x_wconf 89' lang='lat' dir='ltr'>vox</span> <span class='ocrx_word' id='word_1_88' title='bbox 661 1718 747 1780; x_wconf 90' lang='lat' dir='ltr'>quae</span> <span class='ocrx_word' id='word_1_89' title='bbox 765 1699 842 1762; x_wconf 90' lang='lat' dir='ltr'>inde</span> <span class='ocrx_word' id='word_1_90' title='bbox 862 1700 1003 1773; x_wconf 88' lang='lat' dir='ltr'>auditur,</span> <span class='ocrx_word' id='word_1_91' title='bbox 1021 1710 1073 1763; x_wconf 92' lang='lat' dir='ltr'>est</span> <span class='ocrx_word' id='word_1_92' title='bbox 1093 1720 1112 1762; x_wconf 92' lang='lat' dir='ltr'>a</span> <span class='ocrx_word' id='word_1_93' title='bbox 1132 1699 1279 1765; x_wconf 89' lang='lat' dir='ltr'>Domino</span> <span class='ocrx_word' id='word_1_94' title='bbox 1298 1721 1358 1783; x_wconf 90' lang='lat' dir='ltr'>per</span> 
     </span>
     <span class='ocr_line' id='line_1_12' title="bbox 231 1791 1356 1875; baseline 0.004 -20"><span class='ocrx_word' id='word_1_95' title='bbox 231 1791 387 1856; x_wconf 88' lang='lat' dir='ltr'>Caelum.</span> <span class='ocrx_word' id='word_1_96' title='bbox 431 1792 483 1858; x_wconf 90' lang='lat' dir='ltr'>At</span> <span class='ocrx_word' id='word_1_97' title='bbox 499 1811 575 1856; x_wconf 92' lang='lat' dir='ltr'>cum</span> <span class='ocrx_word' id='word_1_98' title='bbox 591 1793 691 1857; x_wconf 89' lang='lat' dir='ltr'>datur</span> <span class='ocrx_word' id='word_1_99' title='bbox 705 1792 837 1875; x_wconf 85' lang='lat' dir='ltr'>angelis</span> <span class='ocrx_word' id='word_1_100' title='bbox 856 1794 946 1875; x_wconf 90' lang='lat' dir='ltr'>loqui</span> <span class='ocrx_word' id='word_1_101' title='bbox 962 1814 1037 1857; x_wconf 92' lang='lat' dir='ltr'>cum</span> <span class='ocrx_word' id='word_1_102' title='bbox 1054 1793 1200 1869; x_wconf 91' lang='lat' dir='ltr'>homine,</span> <span class='ocrx_word' id='word_1_103' title='bbox 1215 1795 1356 1859; x_wconf 91' lang='lat' dir='ltr'>mittunt</span> 
     </span>
     <span class='ocr_line' id='line_1_13' title="bbox 230 1888 1356 1971; baseline 0.004 -21"><span class='ocrx_word' id='word_1_104' title='bbox 230 1907 252 1950; x_wconf 90' lang='lat' dir='ltr'>e</span> <span class='ocrx_word' id='word_1_105' title='bbox 272 1888 439 1951; x_wconf 89' lang='lat' dir='ltr'>societate</span> <span class='ocrx_word' id='word_1_106' title='bbox 457 1908 516 1951; x_wconf 85' lang='lat' dir='ltr'>sua</span> <span class='ocrx_word' id='word_1_107' title='bbox 535 1907 647 1961; x_wconf 88' lang='lat' dir='ltr'>unum,</span> <span class='ocrx_word' id='word_1_108' title='bbox 667 1888 724 1970; x_wconf 91' lang='lat' dir='ltr'>qui</span> <span class='ocrx_word' id='word_1_109' title='bbox 742 1908 847 1970; x_wconf 88' lang='lat' dir='ltr'>prope</span> <span class='ocrx_word' id='word_1_110' title='bbox 867 1888 1037 1952; x_wconf 89' lang='lat' dir='ltr'>hominem</span> <span class='ocrx_word' id='word_1_111' title='bbox 1057 1890 1111 1963; x_wconf 91' lang='lat' dir='ltr'>sit,</span> <span class='ocrx_word' id='word_1_112' title='bbox 1130 1898 1165 1952; x_wconf 90' lang='lat' dir='ltr'>et</span> <span class='ocrx_word' id='word_1_113' title='bbox 1185 1888 1356 1971; x_wconf 88' lang='lat' dir='ltr'>perillum</span> 
     </span>
     <span class='ocr_line' id='line_1_14' title="bbox 231 1980 1356 2067; baseline 0.004 -23"><span class='ocrx_word' id='word_1_114' title='bbox 231 1980 418 2064; x_wconf 91' lang='lat' dir='ltr'>loquuntur</span> <span class='ocrx_word' id='word_1_115' title='bbox 444 2001 520 2045; x_wconf 91' lang='lat' dir='ltr'>cum</span> <span class='ocrx_word' id='word_1_116' title='bbox 545 1982 692 2045; x_wconf 87' lang='lat' dir='ltr'>homine.</span> <span class='ocrx_word' id='word_1_117' title='bbox 752 1981 814 2046; x_wconf 89' lang='lat' dir='ltr'>llle</span> <span class='ocrx_word' id='word_1_118' title='bbox 836 1983 893 2065; x_wconf 90' lang='lat' dir='ltr'>qui</span> <span class='ocrx_word' id='word_1_119' title='bbox 916 1984 1070 2058; x_wconf 88' lang='lat' dir='ltr'>mittitur,</span> <span class='ocrx_word' id='word_1_120' title='bbox 1095 1994 1147 2047; x_wconf 90' lang='lat' dir='ltr'>est</span> <span class='ocrx_word' id='word_1_121' title='bbox 1170 1982 1356 2067; x_wconf 75' lang='lat' dir='ltr'>subjedium</span> 
     </span>
     <span class='ocr_line' id='line_1_15' title="bbox 230 2077 1355 2160; baseline 0.004 -21"><span class='ocrx_word' id='word_1_122' title='bbox 230 2077 399 2160; x_wconf 88' lang='lat' dir='ltr'>plurium:</span> <span class='ocrx_word' id='word_1_123' title='bbox 436 2078 548 2141; x_wconf 85' lang='lat' dir='ltr'>ethic</span> <span class='ocrx_word' id='word_1_124' title='bbox 575 2077 707 2159; x_wconf 90' lang='lat' dir='ltr'>estqui</span> <span class='ocrx_word' id='word_1_125' title='bbox 732 2096 809 2141; x_wconf 90' lang='lat' dir='ltr'>cum</span> <span class='ocrx_word' id='word_1_126' title='bbox 834 2077 990 2158; x_wconf 90' lang='lat' dir='ltr'>Johanne</span> <span class='ocrx_word' id='word_1_127' title='bbox 1017 2097 1104 2141; x_wconf 90' lang='lat' dir='ltr'>nunc</span> <span class='ocrx_word' id='word_1_128' title='bbox 1132 2077 1265 2143; x_wconf 92' lang='lat' dir='ltr'>locutus</span> <span class='ocrx_word' id='word_1_129' title='bbox 1291 2090 1355 2145; x_wconf 91' lang='lat' dir='ltr'>est.</span> 
     </span>
     <span class='ocr_line' id='line_1_16' title="bbox 231 2169 1354 2255; baseline 0 -20"><span class='ocrx_word' id='word_1_130' title='bbox 231 2171 314 2235; x_wconf 90' lang='lat' dir='ltr'>Hoc</span> <span class='ocrx_word' id='word_1_131' title='bbox 332 2169 457 2235; x_wconf 70' lang='lat' dir='ltr'>{adium</span> <span class='ocrx_word' id='word_1_132' title='bbox 476 2181 539 2247; x_wconf 91' lang='lat' dir='ltr'>est,</span> <span class='ocrx_word' id='word_1_133' title='bbox 559 2182 597 2234; x_wconf 93' lang='lat' dir='ltr'>ut</span> <span class='ocrx_word' id='word_1_134' title='bbox 615 2172 872 2236; x_wconf 88' lang='lat' dir='ltr'>annuntiaretur</span> <span class='ocrx_word' id='word_1_135' title='bbox 890 2173 922 2234; x_wconf 91' lang='lat' dir='ltr'>in</span> <span class='ocrx_word' id='word_1_136' title='bbox 943 2174 1039 2236; x_wconf 90' lang='lat' dir='ltr'>terris</span> <span class='ocrx_word' id='word_1_137' title='bbox 1057 2173 1148 2255; x_wconf 93' lang='lat' dir='ltr'>quod</span> <span class='ocrx_word' id='word_1_138' title='bbox 1164 2174 1354 2237; x_wconf 87' lang='lat' dir='ltr'>universum</span> 
     </span>
     <span class='ocr_line' id='line_1_17' title="bbox 228 2264 1355 2349; baseline -0.001 -18"><span class='ocrx_word' id='word_1_139' title='bbox 228 2264 374 2331; x_wconf 85' lang='lat' dir='ltr'>Caelum</span> <span class='ocrx_word' id='word_1_140' title='bbox 390 2276 556 2349; x_wconf 87' lang='lat' dir='ltr'>agnoscat</span> <span class='ocrx_word' id='word_1_141' title='bbox 575 2264 692 2329; x_wconf 88' lang='lat' dir='ltr'>Solum</span> <span class='ocrx_word' id='word_1_142' title='bbox 710 2266 892 2329; x_wconf 92' lang='lat' dir='ltr'>Dominum</span> <span class='ocrx_word' id='word_1_143' title='bbox 912 2286 972 2348; x_wconf 91' lang='lat' dir='ltr'>pro</span> <span class='ocrx_word' id='word_1_144' title='bbox 992 2267 1067 2330; x_wconf 92' lang='lat' dir='ltr'>Deo</span> <span class='ocrx_word' id='word_1_145' title='bbox 1086 2266 1189 2342; x_wconf 91' lang='lat' dir='ltr'>Caeli,</span> <span class='ocrx_word' id='word_1_146' title='bbox 1206 2276 1241 2331; x_wconf 91' lang='lat' dir='ltr'>et</span> <span class='ocrx_word' id='word_1_147' title='bbox 1263 2267 1355 2349; x_wconf 91' lang='lat' dir='ltr'>quod</span> 
     </span>
     <span class='ocr_line' id='line_1_18' title="bbox 229 2360 1355 2444; baseline 0 -19"><span class='ocrx_word' id='word_1_148' title='bbox 229 2362 313 2444; x_wconf 84' lang='lat' dir='ltr'>lpse</span> <span class='ocrx_word' id='word_1_149' title='bbox 328 2360 428 2425; x_wconf 90' lang='lat' dir='ltr'>Solus</span> <span class='ocrx_word' id='word_1_150' title='bbox 440 2361 631 2424; x_wconf 89' lang='lat' dir='ltr'>adorandus</span> <span class='ocrx_word' id='word_1_151' title='bbox 647 2361 711 2439; x_wconf 78' lang='lat' dir='ltr'>sii3</span> <span class='ocrx_word' id='word_1_152' title='bbox 730 2371 803 2424; x_wconf 90' lang='lat' dir='ltr'>tum</span> <span class='ocrx_word' id='word_1_153' title='bbox 815 2362 906 2443; x_wconf 91' lang='lat' dir='ltr'>quod</span> <span class='ocrx_word' id='word_1_154' title='bbox 923 2361 1022 2425; x_wconf 91' lang='lat' dir='ltr'>Nova</span> <span class='ocrx_word' id='word_1_155' title='bbox 1039 2362 1193 2426; x_wconf 91' lang='lat' dir='ltr'>Ecclesia</span> <span class='ocrx_word' id='word_1_156' title='bbox 1208 2362 1241 2425; x_wconf 92' lang='lat' dir='ltr'>in</span> <span class='ocrx_word' id='word_1_157' title='bbox 1257 2362 1355 2425; x_wconf 88' lang='lat' dir='ltr'>terris</span> 
     </span>
     <span class='ocr_line' id='line_1_19' title="bbox 227 2454 1354 2534; baseline -0.004 -11"><span class='ocrx_word' id='word_1_158' title='bbox 227 2480 250 2523; x_wconf 90' lang='lat' dir='ltr'>a</span> <span class='ocrx_word' id='word_1_159' title='bbox 276 2456 425 2521; x_wconf 92' lang='lat' dir='ltr'>Domino</span> <span class='ocrx_word' id='word_1_160' title='bbox 447 2456 665 2520; x_wconf 85' lang='lat' dir='ltr'>instauranda</span> <span class='ocrx_word' id='word_1_161' title='bbox 687 2458 742 2529; x_wconf 89' lang='lat' dir='ltr'>sit,</span> <span class='ocrx_word' id='word_1_162' title='bbox 765 2457 851 2519; x_wconf 90' lang='lat' dir='ltr'>sicut</span> <span class='ocrx_word' id='word_1_163' title='bbox 874 2457 1062 2519; x_wconf 87' lang='lat' dir='ltr'>instaurata</span> <span class='ocrx_word' id='word_1_164' title='bbox 1084 2467 1137 2521; x_wconf 88' lang='lat' dir='ltr'>est</span> <span class='ocrx_word' id='word_1_165' title='bbox 1165 2457 1198 2519; x_wconf 92' lang='lat' dir='ltr'>in</span> <span class='ocrx_word' id='word_1_166' title='bbox 1222 2454 1354 2534; x_wconf 86' lang='lat' dir='ltr'>Caelis;</span> 
     </span>
     <span class='ocr_line' id='line_1_20' title="bbox 227 2550 1354 2632; baseline -0.002 -15"><span class='ocrx_word' id='word_1_167' title='bbox 227 2558 312 2617; x_wconf 80' lang='lat' dir='ltr'>nam</span> <span class='ocrx_word' id='word_1_168' title='bbox 334 2550 490 2615; x_wconf 86' lang='lat' dir='ltr'>Ecclesia</span> <span class='ocrx_word' id='word_1_169' title='bbox 512 2551 654 2632; x_wconf 89' lang='lat' dir='ltr'>primum</span> <span class='ocrx_word' id='word_1_170' title='bbox 676 2551 883 2614; x_wconf 88' lang='lat' dir='ltr'>instauratur</span> <span class='ocrx_word' id='word_1_171' title='bbox 905 2552 938 2613; x_wconf 92' lang='lat' dir='ltr'>in</span> <span class='ocrx_word' id='word_1_172' title='bbox 962 2550 1074 2615; x_wconf 87' lang='lat' dir='ltr'>Caelis</span> <span class='ocrx_word' id='word_1_173' title='bbox 1097 2572 1117 2613; x_wconf 92' lang='lat' dir='ltr'>a</span> <span class='ocrx_word' id='word_1_174' title='bbox 1140 2551 1299 2626; x_wconf 91' lang='lat' dir='ltr'>Domino,</span> <span class='ocrx_word' id='word_1_175' title='bbox 1319 2562 1354 2615; x_wconf 89' lang='lat' dir='ltr'>et</span> 
     </span>
     <span class='ocr_line' id='line_1_21' title="bbox 226 2643 1353 2729; baseline -0.001 -17"><span class='ocrx_word' id='word_1_176' title='bbox 226 2648 311 2712; x_wconf 91' lang='lat' dir='ltr'>dein</span> <span class='ocrx_word' id='word_1_177' title='bbox 334 2666 393 2729; x_wconf 92' lang='lat' dir='ltr'>per</span> <span class='ocrx_word' id='word_1_178' title='bbox 411 2643 533 2710; x_wconf 86' lang='lat' dir='ltr'>Caelos</span> <span class='ocrx_word' id='word_1_179' title='bbox 556 2646 589 2708; x_wconf 91' lang='lat' dir='ltr'>in</span> <span class='ocrx_word' id='word_1_180' title='bbox 608 2646 724 2709; x_wconf 89' lang='lat' dir='ltr'>terris:</span> <span class='ocrx_word' id='word_1_181' title='bbox 749 2645 813 2710; x_wconf 90' lang='lat' dir='ltr'>hoc</span> <span class='ocrx_word' id='word_1_182' title='bbox 832 2664 992 2710; x_wconf 88' lang='lat' dir='ltr'>arcanum</span> <span class='ocrx_word' id='word_1_183' title='bbox 1016 2656 1068 2710; x_wconf 88' lang='lat' dir='ltr'>est</span> <span class='ocrx_word' id='word_1_184' title='bbox 1092 2646 1124 2708; x_wconf 90' lang='lat' dir='ltr'>in</span> <span class='ocrx_word' id='word_1_185' title='bbox 1148 2646 1208 2710; x_wconf 90' lang='lat' dir='ltr'>his.</span> <span class='ocrx_word' id='word_1_186' title='bbox 1254 2644 1353 2711; x_wconf 91' lang='lat' dir='ltr'>Nunc</span> 
     </span>
     <span class='ocr_line' id='line_1_22' title="bbox 226 2738 1354 2829; baseline -0.003 -21"><span class='ocrx_word' id='word_1_187' title='bbox 226 2744 275 2808; x_wconf 87' lang='lat' dir='ltr'>ad</span> <span class='ocrx_word' id='word_1_188' title='bbox 294 2741 578 2824; x_wconf 84' lang='lat' dir='ltr'>explicationem:</span> <span class='ocrx_word' id='word_1_189' title='bbox 605 2738 749 2803; x_wconf 85' lang='lat' dir='ltr'>“Scribe</span> <span class='ocrx_word' id='word_1_190' title='bbox 757 2741 772 2764; x_wconf 90' lang='lat'><strong>”</strong></span> <span class='ocrx_word' id='word_1_191' title='bbox 787 2739 955 2822; x_wconf 87' lang='lat' dir='ltr'>significat</span> <span class='ocrx_word' id='word_1_192' title='bbox 975 2751 1011 2804; x_wconf 93' lang='lat' dir='ltr'>ut</span> <span class='ocrx_word' id='word_1_193' title='bbox 1031 2741 1171 2804; x_wconf 91' lang='lat' dir='ltr'>mandet</span> <span class='ocrx_word' id='word_1_194' title='bbox 1190 2743 1255 2829; x_wconf 63' lang='lat' dir='ltr'>troc</span> <span class='ocrx_word' id='word_1_195' title='bbox 1275 2762 1354 2824; x_wconf 90' lang='lat' dir='ltr'>pos-</span> 
     </span>
     <span class='ocr_line' id='line_1_23' title="bbox 225 2832 1354 2916; baseline -0.003 -13"><span class='ocrx_word' id='word_1_196' title='bbox 225 2837 362 2903; x_wconf 90' lang='lat' dir='ltr'>teritati</span> <span class='ocrx_word' id='word_1_197' title='bbox 383 2836 417 2898; x_wconf 91' lang='lat' dir='ltr'>in</span> <span class='ocrx_word' id='word_1_198' title='bbox 439 2834 709 2898; x_wconf 90' lang='lat' dir='ltr'>recordationem</span> <span class='ocrx_word' id='word_1_199' title='bbox 730 2832 776 2915; x_wconf 91' lang='lat' dir='ltr'>(n.</span> <span class='ocrx_word' id='word_1_200' title='bbox 797 2851 847 2914; x_wconf 87' lang='lat'>39,</span> <span class='ocrx_word' id='word_1_201' title='bbox 866 2835 918 2915; x_wconf 88' lang='lat'>63,</span> <span class='ocrx_word' id='word_1_202' title='bbox 937 2833 1029 2916; x_wconf 84' lang='lat'>639),</span> <span class='ocrx_word' id='word_1_203' title='bbox 1050 2837 1102 2899; x_wconf 91' lang='lat' dir='ltr'>hic</span> <span class='ocrx_word' id='word_1_204' title='bbox 1126 2846 1163 2899; x_wconf 92' lang='lat' dir='ltr'>ut</span> <span class='ocrx_word' id='word_1_205' title='bbox 1186 2836 1245 2899; x_wconf 90' lang='lat' dir='ltr'>det</span> <span class='ocrx_word' id='word_1_206' title='bbox 1269 2837 1354 2900; x_wconf 88' lang='lat' dir='ltr'>scire</span> 
     </span>
     <span class='ocr_line' id='line_1_24' title="bbox 225 2928 1352 3013; baseline -0.004 -15"><span class='ocrx_word' id='word_1_207' title='bbox 225 2933 300 3006; x_wconf 89' lang='lat' dir='ltr'>illa,</span> <span class='ocrx_word' id='word_1_208' title='bbox 325 2930 389 2994; x_wconf 91' lang='lat' dir='ltr'>hoc</span> <span class='ocrx_word' id='word_1_209' title='bbox 412 2928 613 3011; x_wconf 83' lang='lat' dir='ltr'>intelligitur</span> <span class='ocrx_word' id='word_1_210' title='bbox 635 2948 694 3010; x_wconf 90' lang='lat' dir='ltr'>per</span> <span class='ocrx_word' id='word_1_211' title='bbox 718 2930 855 2993; x_wconf 82' lang='lat' dir='ltr'>“scribe</span> <span class='ocrx_word' id='word_1_212' title='bbox 866 2929 893 2992; x_wconf 88' lang='lat'>:”</span> <span class='ocrx_word' id='word_1_213' title='bbox 918 2931 1036 2994; x_wconf 85' lang='lat' dir='ltr'>“beati</span> <span class='ocrx_word' id='word_1_214' title='bbox 1059 2930 1115 3013; x_wconf 90' lang='lat' dir='ltr'>qui</span> <span class='ocrx_word' id='word_1_215' title='bbox 1137 2931 1180 2993; x_wconf 93' lang='lat' dir='ltr'>ad</span> <span class='ocrx_word' id='word_1_216' title='bbox 1203 2929 1352 2994; x_wconf 89' lang='lat' dir='ltr'>Caenam</span> 
     </span>
     <span class='ocr_line' id='line_1_25' title="bbox 226 3023 1354 3110; baseline -0.004 -18"><span class='ocrx_word' id='word_1_217' title='bbox 226 3027 425 3110; x_wconf 88' lang='lat' dir='ltr'>nuptiarum</span> <span class='ocrx_word' id='word_1_218' title='bbox 449 3024 542 3106; x_wconf 87' lang='lat' dir='ltr'>Agni</span> <span class='ocrx_word' id='word_1_219' title='bbox 563 3024 677 3087; x_wconf 85' lang='lat' dir='ltr'>vocati</span> <span class='ocrx_word' id='word_1_220' title='bbox 699 3023 807 3096; x_wconf 90' lang='lat' dir='ltr'>sunt,”</span> <span class='ocrx_word' id='word_1_221' title='bbox 826 3023 993 3105; x_wconf 86' lang='lat' dir='ltr'>significat</span> <span class='ocrx_word' id='word_1_222' title='bbox 1012 3026 1102 3107; x_wconf 92' lang='lat' dir='ltr'>quod</span> <span class='ocrx_word' id='word_1_223' title='bbox 1121 3025 1191 3088; x_wconf 89' lang='lat' dir='ltr'>vita</span> <span class='ocrx_word' id='word_1_224' title='bbox 1214 3035 1354 3088; x_wconf 86' lang='lat' dir='ltr'>aeterna</span> 
     </span>
     <span class='ocr_line' id='line_1_26' title="bbox 225 3116 1353 3203; baseline -0.003 -17"><span class='ocrx_word' id='word_1_225' title='bbox 225 3125 273 3186; x_wconf 94' lang='lat' dir='ltr'>sit</span> <span class='ocrx_word' id='word_1_226' title='bbox 286 3118 418 3203; x_wconf 89' lang='lat' dir='ltr'>illisqui</span> <span class='ocrx_word' id='word_1_227' title='bbox 430 3119 594 3201; x_wconf 91' lang='lat' dir='ltr'>recipiunt</span> <span class='ocrx_word' id='word_1_228' title='bbox 606 3116 664 3181; x_wconf 89' lang='lat' dir='ltr'>illa</span> <span class='ocrx_word' id='word_1_229' title='bbox 673 3138 759 3201; x_wconf 89' lang='lat' dir='ltr'>quae</span> <span class='ocrx_word' id='word_1_230' title='bbox 772 3117 891 3182; x_wconf 88' lang='lat' dir='ltr'>Novae</span> <span class='ocrx_word' id='word_1_231' title='bbox 905 3118 1079 3182; x_wconf 88' lang='lat' dir='ltr'>Ecclesiae</span> <span class='ocrx_word' id='word_1_232' title='bbox 1092 3130 1170 3182; x_wconf 93' lang='lat' dir='ltr'>sunt</span> <span class='ocrx_word' id='word_1_233' title='bbox 1183 3139 1190 3195; x_wconf 87' lang='lat'>;</span> <span class='ocrx_word' id='word_1_234' title='bbox 1209 3125 1229 3152; x_wconf 80' lang='lat'>‘⁶</span> <span class='ocrx_word' id='word_1_235' title='bbox 1239 3120 1329 3183; x_wconf 88' lang='lat' dir='ltr'>beati</span> <span class='ocrx_word' id='word_1_236' title='bbox 1338 3121 1353 3144; x_wconf 90' lang='lat'><em>”</em></span> 
     </span>
     <span class='ocr_line' id='line_1_27' title="bbox 224 3211 1353 3296; baseline -0.004 -15"><span class='ocrx_word' id='word_1_237' title='bbox 224 3219 389 3282; x_wconf 91' lang='lat' dir='ltr'>dicuntur</span> <span class='ocrx_word' id='word_1_238' title='bbox 406 3213 453 3277; x_wconf 92' lang='lat' dir='ltr'>illi</span> <span class='ocrx_word' id='word_1_239' title='bbox 471 3214 589 3295; x_wconf 92' lang='lat' dir='ltr'>quibus</span> <span class='ocrx_word' id='word_1_240' title='bbox 607 3214 678 3275; x_wconf 89' lang='lat' dir='ltr'>vita</span> <span class='ocrx_word' id='word_1_241' title='bbox 695 3223 834 3276; x_wconf 89' lang='lat' dir='ltr'>aeterna</span> <span class='ocrx_word' id='word_1_242' title='bbox 853 3222 905 3276; x_wconf 90' lang='lat' dir='ltr'>est</span> <span class='ocrx_word' id='word_1_243' title='bbox 924 3211 970 3294; x_wconf 92' lang='lat' dir='ltr'>(n.</span> <span class='ocrx_word' id='word_1_244' title='bbox 986 3213 1063 3294; x_wconf 86' lang='lat'>639)</span> <span class='ocrx_word' id='word_1_245' title='bbox 1079 3235 1085 3289; x_wconf 94' lang='lat'>;</span> <span class='ocrx_word' id='word_1_246' title='bbox 1110 3233 1169 3295; x_wconf 91' lang='lat' dir='ltr'>per</span> <span class='ocrx_word' id='word_1_247' title='bbox 1189 3215 1353 3296; x_wconf 87' lang='lat' dir='ltr'>“nuptias</span> 
     </span>
     <span class='ocr_line' id='line_1_28' title="bbox 224 3305 1350 3394; baseline -0.005 -17"><span class='ocrx_word' id='word_1_248' title='bbox 224 3309 351 3394; x_wconf 86' lang='lat' dir='ltr'>Agni&#39;’</span> <span class='ocrx_word' id='word_1_249' title='bbox 362 3306 569 3390; x_wconf 86' lang='lat' dir='ltr'>significatur</span> <span class='ocrx_word' id='word_1_250' title='bbox 582 3305 681 3369; x_wconf 87' lang='lat' dir='ltr'>Nova</span> <span class='ocrx_word' id='word_1_251' title='bbox 696 3305 863 3382; x_wconf 88' lang='lat' dir='ltr'>Ecclesia,</span> <span class='ocrx_word' id='word_1_252' title='bbox 876 3327 961 3389; x_wconf 87' lang='lat' dir='ltr'>quae</span> <span class='ocrx_word' id='word_1_253' title='bbox 978 3307 1010 3369; x_wconf 90' lang='lat' dir='ltr'>in</span> <span class='ocrx_word' id='word_1_254' title='bbox 1023 3305 1259 3387; x_wconf 69' lang='lat' dir='ltr'>coujuudiione</span> <span class='ocrx_word' id='word_1_255' title='bbox 1275 3327 1350 3371; x_wconf 90' lang='lat' dir='ltr'>cum</span> 
     </span>
     <span class='ocr_line' id='line_1_29' title="bbox 225 3399 1352 3483; baseline -0.004 -13"><span class='ocrx_word' id='word_1_256' title='bbox 225 3405 382 3471; x_wconf 90' lang='lat' dir='ltr'>Domino</span> <span class='ocrx_word' id='word_1_257' title='bbox 396 3404 463 3474; x_wconf 91' lang='lat' dir='ltr'>est,</span> <span class='ocrx_word' id='word_1_258' title='bbox 479 3411 632 3483; x_wconf 90' lang='lat' dir='ltr'>utsupra</span> <span class='ocrx_word' id='word_1_259' title='bbox 650 3399 696 3482; x_wconf 90' lang='lat' dir='ltr'>(n.</span> <span class='ocrx_word' id='word_1_260' title='bbox 713 3400 789 3482; x_wconf 86' lang='lat'><em>812)</em></span> <span class='ocrx_word' id='word_1_261' title='bbox 803 3421 811 3479; x_wconf 90' lang='grc'><strong>;</strong></span> <span class='ocrx_word' id='word_1_262' title='bbox 835 3417 894 3483; x_wconf 86' lang='lat' dir='ltr'>per</span> <span class='ocrx_word' id='word_1_263' title='bbox 911 3405 1080 3464; x_wconf 88' lang='lat' dir='ltr'>“vocatos</span> <span class='ocrx_word' id='word_1_264' title='bbox 1089 3401 1103 3424; x_wconf 93' lang='grc'>”</span> <span class='ocrx_word' id='word_1_265' title='bbox 1119 3400 1352 3482; x_wconf 86' lang='lat' dir='ltr'>intelliguntur</span> 
     </span>
     <span class='ocr_line' id='line_1_30' title="bbox 224 3494 1351 3580; baseline -0.007 -14"><span class='ocrx_word' id='word_1_266' title='bbox 224 3497 425 3580; x_wconf 91' lang='lat' dir='ltr'>omnesqui</span> <span class='ocrx_word' id='word_1_267' title='bbox 446 3496 611 3576; x_wconf 89' lang='lat' dir='ltr'>recipiunt</span> <span class='ocrx_word' id='word_1_268' title='bbox 635 3494 682 3575; x_wconf 89' lang='lat' dir='ltr'>(n.</span> <span class='ocrx_word' id='word_1_269' title='bbox 702 3495 800 3576; x_wconf 80' lang='lat'>744);</span> <span class='ocrx_word' id='word_1_270' title='bbox 823 3504 903 3559; x_wconf 90' lang='lat' dir='ltr'>sunt</span> <span class='ocrx_word' id='word_1_271' title='bbox 926 3495 1061 3577; x_wconf 92' lang='lat' dir='ltr'>quidem</span> <span class='ocrx_word' id='word_1_272' title='bbox 1086 3514 1204 3559; x_wconf 89' lang='lat' dir='ltr'>omues</span> <span class='ocrx_word' id='word_1_273' title='bbox 1226 3498 1351 3569; x_wconf 86' lang='lat' dir='ltr'>vocati,</span> 
     </span>
     <span class='ocr_line' id='line_1_31' title="bbox 224 3588 1351 3675; baseline -0.005 -15"><span class='ocrx_word' id='word_1_274' title='bbox 224 3595 290 3660; x_wconf 88' lang='lat' dir='ltr'>sed</span> <span class='ocrx_word' id='word_1_275' title='bbox 309 3592 366 3675; x_wconf 91' lang='lat' dir='ltr'>qui</span> <span class='ocrx_word' id='word_1_276' title='bbox 389 3611 457 3654; x_wconf 91' lang='lat' dir='ltr'>non</span> <span class='ocrx_word' id='word_1_277' title='bbox 478 3591 643 3672; x_wconf 90' lang='lat' dir='ltr'>recipiunt</span> <span class='ocrx_word' id='word_1_278' title='bbox 665 3589 712 3653; x_wconf 93' lang='lat' dir='ltr'>illi</span> <span class='ocrx_word' id='word_1_279' title='bbox 735 3590 887 3670; x_wconf 87' lang='lat' dir='ltr'>rejiciunt</span> <span class='ocrx_word' id='word_1_280' title='bbox 907 3591 1133 3654; x_wconf 90' lang='lat' dir='ltr'>vocationem.</span> <span class='ocrx_word' id='word_1_281' title='bbox 1179 3588 1279 3671; x_wconf 84' lang='lat' dir='ltr'>Quod</span> <span class='ocrx_word' id='word_1_282' title='bbox 1300 3590 1351 3654; x_wconf 92' lang='lat' dir='ltr'>di·</span> 
     </span>
     <span class='ocr_line' id='line_1_32' title="bbox 225 3683 1351 3767; baseline -0.004 -13"><span class='ocrx_word' id='word_1_283' title='bbox 225 3698 328 3755; x_wconf 90' lang='lat' dir='ltr'>catur</span> <span class='ocrx_word' id='word_1_284' title='bbox 348 3684 525 3750; x_wconf 87' lang='lat' dir='ltr'>“Caenam</span> <span class='ocrx_word' id='word_1_285' title='bbox 544 3685 735 3767; x_wconf 91' lang='lat' dir='ltr'>nuptiarum</span> <span class='ocrx_word' id='word_1_286' title='bbox 754 3683 878 3765; x_wconf 72' lang='lat' dir='ltr'>Agni,”</span> <span class='ocrx_word' id='word_1_287' title='bbox 897 3695 950 3748; x_wconf 88' lang='lat' dir='ltr'>est</span> <span class='ocrx_word' id='word_1_288' title='bbox 970 3685 1130 3766; x_wconf 89' lang='lat' dir='ltr'>quiahoc</span> <span class='ocrx_word' id='word_1_289' title='bbox 1151 3683 1187 3748; x_wconf 86' lang='lat' dir='ltr'>lit</span> <span class='ocrx_word' id='word_1_290' title='bbox 1206 3687 1240 3747; x_wconf 92' lang='lat' dir='ltr'>in</span> <span class='ocrx_word' id='word_1_291' title='bbox 1259 3694 1351 3750; x_wconf 90' lang='lat' dir='ltr'>statu</span> 
     </span>
     <span class='ocr_line' id='line_1_33' title="bbox 223 3778 1351 3861; baseline -0.003 -14"><span class='ocrx_word' id='word_1_292' title='bbox 223 3783 353 3847; x_wconf 89' lang='lat' dir='ltr'>ultimo</span> <span class='ocrx_word' id='word_1_293' title='bbox 376 3778 560 3852; x_wconf 88' lang='lat' dir='ltr'>Ecclesiae,</span> <span class='ocrx_word' id='word_1_294' title='bbox 579 3779 635 3860; x_wconf 93' lang='lat' dir='ltr'>qui</span> <span class='ocrx_word' id='word_1_295' title='bbox 653 3787 795 3841; x_wconf 89' lang='lat' dir='ltr'>vocatur</span> <span class='ocrx_word' id='word_1_296' title='bbox 812 3797 964 3861; x_wconf 88' lang='lat' dir='ltr'>vespera,</span> <span class='ocrx_word' id='word_1_297' title='bbox 984 3788 1020 3842; x_wconf 91' lang='lat' dir='ltr'>et</span> <span class='ocrx_word' id='word_1_298' title='bbox 1044 3779 1075 3841; x_wconf 92' lang='lat' dir='ltr'>in</span> <span class='ocrx_word' id='word_1_299' title='bbox 1096 3781 1244 3861; x_wconf 89' lang='lat' dir='ltr'>vesperis</span> <span class='ocrx_word' id='word_1_300' title='bbox 1267 3780 1351 3844; x_wconf 86' lang='lat' dir='ltr'>liunt</span> 
     </span>
     <span class='ocr_line' id='line_1_34' title="bbox 224 3872 1352 3955; baseline -0.004 -13"><span class='ocrx_word' id='word_1_301' title='bbox 224 3893 378 3951; x_wconf 79' lang='lat' dir='ltr'>caenae3</span> <span class='ocrx_word' id='word_1_302' title='bbox 414 3883 524 3936; x_wconf 91' lang='lat' dir='ltr'>status</span> <span class='ocrx_word' id='word_1_303' title='bbox 554 3883 668 3936; x_wconf 91' lang='lat' dir='ltr'>autem</span> <span class='ocrx_word' id='word_1_304' title='bbox 697 3872 823 3955; x_wconf 89' lang='lat' dir='ltr'>primus</span> <span class='ocrx_word' id='word_1_305' title='bbox 856 3873 1032 3937; x_wconf 88' lang='lat' dir='ltr'>Ecclesiae</span> <span class='ocrx_word' id='word_1_306' title='bbox 1062 3872 1182 3936; x_wconf 88' lang='lat' dir='ltr'>Novae</span> <span class='ocrx_word' id='word_1_307' title='bbox 1211 3884 1352 3938; x_wconf 89' lang='lat' dir='ltr'>vocatur</span> 
     </span>
     <span class='ocr_line' id='line_1_35' title="bbox 224 3967 1350 4049; baseline -0.003 -14"><span class='ocrx_word' id='word_1_308' title='bbox 224 3989 352 4045; x_wconf 90' lang='lat' dir='ltr'>mane;</span> <span class='ocrx_word' id='word_1_309' title='bbox 385 3969 419 4031; x_wconf 92' lang='lat' dir='ltr'>in</span> <span class='ocrx_word' id='word_1_310' title='bbox 446 3986 587 4049; x_wconf 89' lang='lat' dir='ltr'>vespera</span> <span class='ocrx_word' id='word_1_311' title='bbox 612 3976 753 4030; x_wconf 86' lang='lat' dir='ltr'>vocatur</span> <span class='ocrx_word' id='word_1_312' title='bbox 778 3967 882 4030; x_wconf 92' lang='lat' dir='ltr'>homo</span> <span class='ocrx_word' id='word_1_313' title='bbox 909 3968 952 4030; x_wconf 91' lang='lat' dir='ltr'>ad</span> <span class='ocrx_word' id='word_1_314' title='bbox 983 3967 1183 4042; x_wconf 89' lang='lat' dir='ltr'>Ecclesiam,</span> <span class='ocrx_word' id='word_1_315' title='bbox 1211 3977 1246 4031; x_wconf 90' lang='lat' dir='ltr'>et</span> <span class='ocrx_word' id='word_1_316' title='bbox 1274 3989 1350 4032; x_wconf 91' lang='lat' dir='ltr'>cum</span> 
     </span>
     <span class='ocr_line' id='line_1_36' title="bbox 223 4058 1351 4144; baseline -0.004 -14"><span class='ocrx_word' id='word_1_317' title='bbox 223 4062 346 4130; x_wconf 88' lang='lat' dir='ltr'>vocati</span> <span class='ocrx_word' id='word_1_318' title='bbox 367 4063 502 4136; x_wconf 89' lang='lat' dir='ltr'>adsunt,</span> <span class='ocrx_word' id='word_1_319' title='bbox 525 4060 563 4124; x_wconf 83' lang='lat' dir='ltr'>fit</span> <span class='ocrx_word' id='word_1_320' title='bbox 590 4079 700 4124; x_wconf 86' lang='lat' dir='ltr'>mane.</span> <span class='ocrx_word' id='word_1_321' title='bbox 751 4058 852 4144; x_wconf 85' lang='lat' dir='ltr'>Quod</span> <span class='ocrx_word' id='word_1_322' title='bbox 879 4071 989 4125; x_wconf 88' lang='lat' dir='ltr'>status</span> <span class='ocrx_word' id='word_1_323' title='bbox 1012 4061 1148 4125; x_wconf 92' lang='lat' dir='ltr'>ultimus</span> <span class='ocrx_word' id='word_1_324' title='bbox 1176 4061 1351 4126; x_wconf 87' lang='lat' dir='ltr'>Ecclesiae</span> 
     </span>
     <span class='ocr_line' id='line_1_37' title="bbox 223 4155 1350 4238; baseline -0.003 -14"><span class='ocrx_word' id='word_1_325' title='bbox 223 4161 364 4224; x_wconf 91' lang='lat' dir='ltr'>dicatur</span> <span class='ocrx_word' id='word_1_326' title='bbox 381 4175 522 4237; x_wconf 85' lang='lat' dir='ltr'>vespera</span> <span class='ocrx_word' id='word_1_327' title='bbox 539 4165 574 4219; x_wconf 91' lang='lat' dir='ltr'>et</span> <span class='ocrx_word' id='word_1_328' title='bbox 593 4175 675 4230; x_wconf 90' lang='lat' dir='ltr'>nox,</span> <span class='ocrx_word' id='word_1_329' title='bbox 695 4165 731 4218; x_wconf 92' lang='lat' dir='ltr'>et</span> <span class='ocrx_word' id='word_1_330' title='bbox 749 4165 860 4219; x_wconf 90' lang='lat' dir='ltr'>status</span> <span class='ocrx_word' id='word_1_331' title='bbox 882 4157 1007 4238; x_wconf 91' lang='lat' dir='ltr'>primus</span> <span class='ocrx_word' id='word_1_332' title='bbox 1026 4155 1096 4237; x_wconf 89' lang='lat' dir='ltr'>ejus</span> <span class='ocrx_word' id='word_1_333' title='bbox 1114 4155 1296 4220; x_wconf 89' lang='lat' dir='ltr'>diluculum</span> <span class='ocrx_word' id='word_1_334' title='bbox 1315 4168 1350 4222; x_wconf 91' lang='lat' dir='ltr'>et</span> 
     </span>
     <span class='ocr_line' id='line_1_38' title="bbox 224 4248 1351 4334; baseline -0.003 -16"><span class='ocrx_word' id='word_1_335' title='bbox 224 4273 342 4326; x_wconf 93' lang='lat' dir='ltr'>mane,</span> <span class='ocrx_word' id='word_1_336' title='bbox 366 4250 520 4314; x_wconf 86' lang='lat' dir='ltr'>videatur</span> <span class='ocrx_word' id='word_1_337' title='bbox 542 4269 642 4331; x_wconf 90' lang='lat' dir='ltr'>supra</span> <span class='ocrx_word' id='word_1_338' title='bbox 665 4248 713 4332; x_wconf 88' lang='lat' dir='ltr'>(n.</span> <span class='ocrx_word' id='word_1_339' title='bbox 740 4249 825 4332; x_wconf 84' lang='lat'><em>151).</em></span> <span class='ocrx_word' id='word_1_340' title='bbox 870 4249 916 4313; x_wconf 90' lang='lat' dir='ltr'>Et</span> <span class='ocrx_word' id='word_1_341' title='bbox 940 4251 1017 4332; x_wconf 92' lang='lat' dir='ltr'>quia</span> <span class='ocrx_word' id='word_1_342' title='bbox 1040 4249 1193 4313; x_wconf 92' lang='lat' dir='ltr'>ultimum</span> <span class='ocrx_word' id='word_1_343' title='bbox 1216 4261 1351 4334; x_wconf 90' lang='lat' dir='ltr'>tempus</span> 
     </span>
     <span class='ocr_line' id='line_1_39' title="bbox 224 4343 1350 4428; baseline -0.005 -14"><span class='ocrx_word' id='word_1_344' title='bbox 224 4346 407 4414; x_wconf 85' lang='lat' dir='ltr'>Ecclesiae</span> <span class='ocrx_word' id='word_1_345' title='bbox 421 4344 580 4426; x_wconf 89' lang='lat' dir='ltr'>Judaicae</span> <span class='ocrx_word' id='word_1_346' title='bbox 594 4343 666 4420; x_wconf 83' lang='lat' dir='ltr'>fuit,</span> <span class='ocrx_word' id='word_1_347' title='bbox 683 4346 731 4408; x_wconf 91' lang='lat' dir='ltr'>ita</span> <span class='ocrx_word' id='word_1_348' title='bbox 745 4365 896 4427; x_wconf 85' lang='lat' dir='ltr'>vespera,</span> <span class='ocrx_word' id='word_1_349' title='bbox 913 4346 1049 4428; x_wconf 89' lang='lat' dir='ltr'>quando</span> <span class='ocrx_word' id='word_1_350' title='bbox 1066 4344 1229 4408; x_wconf 90' lang='lat' dir='ltr'>Dominus</span> <span class='ocrx_word' id='word_1_351' title='bbox 1245 4347 1350 4408; x_wconf 91' lang='lat' dir='ltr'>abivit</span> 
     </span>
     <span class='ocr_line' id='line_1_40' title="bbox 225 4438 1350 4522; baseline -0.004 -14"><span class='ocrx_word' id='word_1_352' title='bbox 225 4438 507 4522; x_wconf 87' lang='lat' dir='ltr'>Hierosolymam</span> <span class='ocrx_word' id='word_1_353' title='bbox 533 4447 571 4502; x_wconf 90' lang='lat' dir='ltr'>ut</span> <span class='ocrx_word' id='word_1_354' title='bbox 597 4448 779 4520; x_wconf 89' lang='lat' dir='ltr'>pateretur,</span> <span class='ocrx_word' id='word_1_355' title='bbox 803 4439 880 4502; x_wconf 92' lang='lat' dir='ltr'>ideo</span> <span class='ocrx_word' id='word_1_356' title='bbox 903 4449 982 4503; x_wconf 92' lang='lat' dir='ltr'>tunc</span> <span class='ocrx_word' id='word_1_357' title='bbox 1007 4439 1172 4502; x_wconf 91' lang='lat' dir='ltr'>Dominus</span> <span class='ocrx_word' id='word_1_358' title='bbox 1195 4442 1350 4503; x_wconf 89' lang='lat' dir='ltr'>caenavit</span> 
     </span>
     <span class='ocr_line' id='line_1_41' title="bbox 223 4532 1355 4616; baseline -0.006 -12"><span class='ocrx_word' id='word_1_359' title='bbox 223 4556 306 4604; x_wconf 92' lang='lat' dir='ltr'>curn</span> <span class='ocrx_word' id='word_1_360' title='bbox 329 4532 512 4616; x_wconf 81' lang='lat' dir='ltr'>discipulis,</span> <span class='ocrx_word' id='word_1_361' title='bbox 535 4543 570 4596; x_wconf 91' lang='lat' dir='ltr'>et</span> <span class='ocrx_word' id='word_1_362' title='bbox 596 4534 743 4597; x_wconf 89' lang='lat' dir='ltr'>instituit</span> <span class='ocrx_word' id='word_1_363' title='bbox 767 4532 1034 4612; x_wconf 88' lang='lat' dir='ltr'>Eucharistiam;</span> <span class='ocrx_word' id='word_1_364' title='bbox 1072 4533 1161 4597; x_wconf 90' lang='lat' dir='ltr'>uude</span> <span class='ocrx_word' id='word_1_365' title='bbox 1184 4543 1237 4598; x_wconf 90' lang='lat' dir='ltr'>est</span> <span class='ocrx_word' id='word_1_366' title='bbox 1260 4535 1355 4616; x_wconf 90' lang='lat' dir='ltr'>quod·</span> 
     </span>
     <span class='ocr_line' id='line_1_42' title="bbox 223 4625 1350 4711; baseline -0.008 -12"><span class='ocrx_word' id='word_1_367' title='bbox 223 4635 362 4699; x_wconf 88' lang='lat' dir='ltr'>dicatur</span> <span class='ocrx_word' id='word_1_368' title='bbox 377 4627 482 4693; x_wconf 84' lang='lat' dir='ltr'>Sacra</span> <span class='ocrx_word' id='word_1_369' title='bbox 496 4627 629 4692; x_wconf 87' lang='lat' dir='ltr'>Caena:</span> <span class='ocrx_word' id='word_1_370' title='bbox 649 4648 709 4710; x_wconf 87' lang='lat' dir='ltr'>per</span> <span class='ocrx_word' id='word_1_371' title='bbox 720 4647 821 4711; x_wconf 90' lang='lat' dir='ltr'>quam</span> <span class='ocrx_word' id='word_1_372' title='bbox 832 4630 936 4692; x_wconf 87' lang='lat' dir='ltr'>etiam</span> <span class='ocrx_word' id='word_1_373' title='bbox 953 4627 990 4692; x_wconf 88' lang='lat' dir='ltr'>tit</span> <span class='ocrx_word' id='word_1_374' title='bbox 1006 4625 1197 4710; x_wconf 75' lang='lat' dir='ltr'>conjunctio</span> <span class='ocrx_word' id='word_1_375' title='bbox 1213 4628 1350 4692; x_wconf 92' lang='lat' dir='ltr'>Domini</span> 
     </span>
    </p>
   </div>
   <div class='ocr_carea' id='block_1_3' title="bbox 0 0 1696 5400">
    <p class='ocr_par' dir='ltr' id='par_1_3' title="bbox 0 0 1696 5400">
     <span class='ocr_line' id='line_1_43' title="bbox 0 0 1696 5400; baseline 0 4"><span class='ocrx_word' id='word_1_376' title='bbox 0 0 1696 5400; x_wconf 95' lang='lat' dir='ltr'> </span> 
     </span>
    </p>
   </div>
  </div>
 </body>
</html>
