3384 5400
502 668 580 721 cnr.
596 669 685 731 xxi,
701 668 805 719 vens
826 668 951 737 15.-rr.
967 670 1039 736 904.
1267 654 1328 732 813

214 840 415 922 intelligitur
434 840 599 904 Dominus
622 860 641 903 e
659 838 766 904 Caelo
782 838 924 921 loquens
945 838 991 921 (n.
1011 840 1109 921 895);
1133 858 1192 921 per
1212 837 1331 901 “cala-

213 935 329 999 mum’'
350 933 557 1016 significatur
579 935 733 1016 potentia
762 954 821 997 seu
842 934 986 997 facultas
1008 954 1054 997 ex
1084 932 1173 996 bono
1196 934 1331 1006 amoris,

214 1050 273 1113 per
306 1028 527 1092 “calamum''
560 1029 715 1110 potentia
746 1048 806 1091 seu
836 1026 980 1091 facultas
1015 1026 1061 1109 (n.
1091 1026 1182 1108 485),
1205 1036 1240 1091 et
1273 1046 1333 1109 per

214 1122 382 1186 “aurum''
399 1124 525 1186 bonum
543 1124 667 1186 amoris
688 1121 735 1204 (n.
754 1138 826 1197 211,
845 1122 944 1205 726);
968 1142 1027 1203 per
1047 1124 1186 1185 “metiri
1194 1122 1209 1146 '⁹
1226 1123 1331 1204 signi·

212 1216 332 1281 ficatur
357 1236 566 1299 cognoscere
593 1216 694 1300 quale
723 1218 780 1291 rei,
803 1218 853 1281 ita
881 1216 1071 1297 intelligere
1101 1227 1137 1281 et
1167 1218 1251 1281 scire
1283 1216 1330 1299 (n.

210 1311 311 1393 486);
335 1332 395 1394 per
415 1312 560 1374 “urbem
568 1310 583 1337 ’³
601 1330 687 1394 quae
709 1320 783 1375 erat
806 1308 933 1374 Sancta
956 1310 1206 1391 Hierosolyma,
1227 1313 1330 1393 signi-

212 1404 332 1469 ficatur
364 1405 522 1469 Ecclesia
549 1405 661 1488 quoad
695 1402 892 1469 Dounnam
927 1404 974 1487 (n.
1007 1407 1079 1487 879,
1110 1404 1235 1487 lilioli),
1273 1426 1332 1488 per

212 1500 383 1583 “portas'’
404 1499 635 1580 significantur
656 1500 870 1580 cognitiones
892 1501 963 1562 veri
986 1510 1022 1563 et
1054 1500 1132 1563 boni
1155 1520 1200 1563 ex
1224 1500 1331 1564 Sensu

212 1594 331 1659 literae
352 1594 469 1672 Verbi,
486 1615 574 1677 quae
594 1615 640 1657 ex
663 1594 825 1676 spirituali
848 1595 918 1656 vita
940 1594 974 1656 ln
1004 1593 1069 1657 illis
1091 1606 1171 1658 sunt
1193 1616 1273 1659 vera
1295 1608 1331 1659 et

211 1690 302 1753 bona
326 1688 374 1771 (n.
399 1689 501 1771 899);
534 1700 570 1753 et
599 1708 658 1771 per
683 1695 842 1752 “murum
852 1687 867 1713 '³
890 1686 1097 1770 significatur
1119 1688 1273 1753 Verbum
1298 1692 1330 1753 in

211 1782 319 1847 Sensu
343 1783 470 1859 literae,
494 1804 539 1846 ex
570 1804 636 1865 quo
661 1781 707 1865 (n.
731 1782 819 1865 898).
865 1782 920 1845 Ex
948 1784 999 1845 his
1022 1793 1128 1865 patet,
1152 1785 1242 1866 quod
1272 1806 1331 1867 per

213 1878 383 1961 “loquens
401 1898 477 1942 cum
501 1898 554 1941 me
577 1877 725 1942 habebat
743 1877 910 1940 calamum
929 1897 1075 1953 aureum,
1097 1888 1133 1942 ut
1156 1880 1333 1943 metiretur

213 1972 330 2035 urbem
358 1983 393 2035 et
424 1981 539 2054 portas
565 1970 634 2052 ejus
665 1982 700 2035 et
730 1991 860 2035 murum
889 1971 982 2052 ejus”
1004 1972 1212 2054 significetur
1240 1976 1331 2056 quod

212 2067 349 2130 detura
371 2066 518 2129 Domino
536 2066 601 2128 illis
619 2067 675 2148 qui
698 2066 730 2129 ln
754 2067 845 2129 bono
868 2068 990 2131 amoris
1013 2076 1091 2131 sunt
1114 2068 1256 2131 facultas
1279 2070 1330 2132 in·

212 2160 390 2243 telligendi
422 2170 458 2223 et
491 2160 618 2223 sciendi
650 2160 757 2242 qualis
786 2170 839 2223 est
873 2160 972 2224 Nova
1005 2160 1142 2224 Domini
1175 2162 1331 2227 Ecclesia

212 2255 323 2339 quoad
353 2252 542 2317 dodirinam
574 2262 610 2317 et
643 2253 712 2334 ejus
744 2274 824 2318 vera
857 2255 1116 2331 introducentia,
1150 2267 1186 2319 et
1218 2259 1330 2339 quoad

212 2348 364 2413 Verbum
393 2370 437 2412 ex
468 2369 543 2430 quo.
589 2347 689 2430 Quod
716 2348 799 2412 haec
823 2348 1064 2430 significentur,
1097 2370 1231 2432 prorsus
1262 2372 1330 2415 non

212 2444 316 2507 videri
339 2454 454 2527 potest
476 2444 510 2505 in
534 2441 642 2507 Sensu
665 2443 783 2506 literae
796 2464 805 2522 ;
838 2444 873 2506 in
896 2464 937 2507 eo
960 2445 1048 2507 enim
1070 2445 1179 2509 solum
1198 2446 1331 2510 videtur

212 2539 301 2622 quod
329 2559 413 2601 unus
438 2537 580 2619 angelus
606 2556 683 2601 cum
707 2537 862 2619 Johanne
890 2537 1030 2621 loquens
1059 2538 1211 2603 habuerit
1238 2540 1330 2603 cala·

212 2652 303 2697 mum
322 2652 470 2708 aureum,
490 2642 527 2696 ut
545 2634 720 2695 metiretur
739 2632 866 2708 urbem,
887 2643 1002 2716 portas
1025 2643 1060 2696 et
1084 2652 1235 2713 murum;
1269 2635 1329 2697 sed

211 2741 328 2792 tamen
358 2729 448 2810 quod
477 2727 562 2792 alius
592 2727 728 2801 Sensus,
755 2728 811 2809 qui
839 2739 894 2791 est
923 2728 1114 2810 spiritualis,
1145 2728 1210 2792 illis
1238 2730 1329 2804 insit,

211 2834 308 2906 patet
330 2823 507 2886 manifeste
530 2843 575 2886 ex
598 2841 650 2898 eo,
670 2822 761 2905 quod
783 2843 843 2906 per
862 2822 1006 2885 “urbem
1032 2821 1305 2904 Hierosolymam
1315 2824 1330 2848 '¹

212 2938 280 2981 non
309 2916 520 2998 intelligatur
541 2916 654 2999 aliqua
675 2917 764 2991 urbs,
787 2916 849 2979 sed
879 2915 1055 2993 Ecclesia;
1088 2937 1190 3000 quare
1216 2918 1331 2982 omnia

213 3033 298 3094 quae
320 3013 477 3074 dicuntur
498 3011 541 3074 de
572 3010 813 3092 Hierosolyma
842 3021 880 3074 ut
910 3009 1001 3084 urbe,
1026 3011 1218 3092 significant
1249 3012 1331 3076 talia

212 3127 297 3190 quae
320 3105 495 3169 Ecclesiae
517 3116 606 3180 sunt,
630 3115 666 3169 et
689 3107 803 3169 omnia
825 3104 1001 3168 Ecclesiae
1028 3107 1061 3168 in
1088 3127 1124 3170 se
1147 3107 1331 3189 spiritualia

212 3213 300 3266 sunt.
345 3200 439 3264 Talis
458 3199 583 3264 Sensus
598 3199 779 3282 spiritualis
797 3201 902 3263 etiam
920 3201 1009 3264 inest
1027 3199 1092 3263 illis
1111 3221 1196 3283 quae
1212 3201 1329 3264 dicun·

212 3307 267 3361 tur
281 3317 392 3379 supra,
412 3296 468 3358 ubi
486 3296 591 3358 haec:

262 3429 376 3481 “Datus
383 3439 425 3479 est
432 3429 497 3478 mihi
505 3429 623 3478 calamus
631 3429 728 3479 similis
734 3429 829 3480 baculo
839 3445 846 3484 :
864 3439 890 3479 et
899 3429 1019 3492 Angelus
1026 3429 1128 3480 adstitit
1136 3431 1236 3490 dicens,
1246 3429 1330 3494 Surge

341 3505 369 3545 ct
379 3495 473 3544 metire
485 3495 626 3558 Templum
640 3495 691 3544 Dei
702 3503 730 3544 et
741 3495 834 3545 Altsre
845 3505 873 3546 et
884 3496 1027 3546 adorantes
1040 3496 1067 3545 in
1080 3511 1113 3545 eo
1121 3496 1136 3516 ”
1148 3497 1235 3561 (Apa.
1246 3497 1283 3548 xi.
1296 3497 1328 3560 1).

211 3621 336 3687 Similis
353 3621 458 3685 etiam
476 3618 601 3684 Sensus
619 3619 801 3702 spiritualis
818 3621 906 3684 inest
926 3620 1080 3684 omnibus
1098 3621 1164 3684 illis
1183 3641 1270 3706 quae

341 3754 465 3817 Angelus
475 3754 578 3803 calamo
589 3767 700 3804 mensus
711 3763 763 3813 est,
774 3755 846 3817 apud
857 3754 1012 3804 Eucliden
1024 3753 1202 3820 (xl.-xlvili.);

212 3882 315 3946 etiam
333 3880 384 3943 his
402 3879 491 3962 apud
511 3877 711 3943 Sachariam
722 3901 735 3942 .·

262 4018 280 4040 “
290 4015 391 4066 sumit
405 4015 501 4064 oculos
517 4028 593 4064 meos
610 4025 638 4063 et
657 4013 719 4072 vidi,
739 4029 799 4064 cum
816 4028 878 4064 ecce
896 4015 937 4063 vir
953 4014 1030 4077 cujus
1051 4015 1078 4065 in
1099 4030 1180 4064 manu
1198 4015 1330 4066 luniculus

341 4093 499 4138 mensurae;
523 4089 550 4128 et
567 4078 630 4136 dixi,
645 4079 706 4144 Quo
723 4080 828 4142 pergis;
853 4081 897 4143 qui
915 4081 982 4130 dixit
992 4081 1027 4130 ad
1039 4095 1090 4140 me,
1106 4081 1148 4130 Ad
1166 4081 1330 4130 metlendum

342 4145 570 4208 Hierosolymam,
581 4153 611 4193 ut
621 4145 727 4194 videam
737 4156 837 4208 quanta
848 4146 960 4195 latitudo
969 4145 1028 4208 ejus
1040 4157 1067 4196 et
1078 4157 1178 4210 quanta
1190 4147 1330 4209 longitudo

340 4210 421 4274 ejus”
433 4209 502 4273 (cap.
513 4211 542 4260 ii.
553 4221 576 4272 5,
587 4211 604 4259 6
614 4207 659 4276 [Β.
669 4213 705 4260 Α.
718 4223 741 4270 1,
753 4207 800 4276 21).

211 4334 287 4401 Imo
310 4336 387 4399 talis
410 4334 535 4399 Sensus
558 4335 738 4418 spiritualis
761 4337 849 4400 inest
872 4337 1026 4399 omnibus
1049 4335 1272 4400 Tabernaculi
1294 4347 1330 4400 et

213 4430 367 4495 omnibus
389 4429 524 4512 Templi
554 4432 588 4494 in
612 4429 861 4511 Hierosolyma,
886 4450 970 4512 quae
994 4439 1187 4494 mensurata
1210 4431 1329 4512 legun·

213 4535 276 4599 tur,
307 4537 342 4589 et
375 4545 509 4608 quoque
540 4525 620 4606 ipsis
650 4525 813 4587 mensuris
842 4523 995 4604 illorum;
1030 4534 1065 4589 et
1098 4533 1214 4588 tamen
1248 4524 1330 4588 nihil

213 4639 328 4684 eorum
345 4620 448 4683 videri
465 4628 580 4702 potest
598 4619 632 4681 in
651 4617 759 4682 Sensu
778 4619 906 4682 literae.
