3384 5400
383 658 445 723 822
702 668 949 721 seocssvrsrs
971 670 1183 721 usvenans.

381 843 548 925 dogmata
574 841 670 906 istius
696 840 861 924 Religiosi
887 838 1107 905 constabilita
1135 848 1225 916 sunt,
1256 840 1311 904 ubi
1341 840 1425 905 haec
1455 840 1496 905 ad

380 937 482 1001 finem
500 937 675 1001 dicuntur:

434 1094 517 1149 Dixit
527 1103 599 1148 tunc
611 1094 734 1148 Praeses
747 1092 899 1155 Moronus,
914 1099 929 1121 ‘⁴
938 1090 984 1147 lte
997 1092 1026 1146 in
1041 1090 1140 1163 paee.''

434 1164 560 1219 Secutae
578 1164 821 1227 acclamationes;
844 1164 922 1219 inter
934 1164 1006 1218 alias
1024 1162 1098 1217 haec
1117 1160 1278 1233 [dixerunt]
1298 1160 1464 1219 Cardinalis
1482 1178 1499 1219 e

381 1235 523 1291 Lotharin
548 1236 575 1289 ia
587 1246 618 1289 et
632 1234 736 1289 Patres
744 1250 787 1288 :-

433 1252 547 1375 [Cardff
570 1304 707 1360 “Omnes
721 1305 762 1358 ita
773 1304 931 1367 eredimus,
945 1320 1049 1359 omnes
1064 1303 1092 1357 id
1114 1302 1211 1374 ipsum
1224 1302 1379 1363 sentimus.
1393 1319 1498 1359 omnes

379 1377 602 1431 consentientes
623 1386 654 1430 et
672 1372 887 1445 amplectentes
908 1374 1134 1436 subscribimus:
1160 1373 1235 1428 haec
1256 1384 1302 1428 est
1323 1374 1398 1429 fides
1420 1375 1498 1429 beati

380 1446 463 1571 ξεῑτὶ
476 1458 507 1501 et
518 1447 748 1536 ,spostolorum
767 1446 841 1500 haec
853 1456 899 1501 est
912 1444 985 1499 fides
997 1444 1135 1507 Petrum:
1154 1443 1228 1499 haec
1240 1454 1286 1499 est
1299 1443 1373 1499 fides
1387 1442 1498 1500 Ortho-

401 1533 537 1572 oxorum.

433 1586 589 1657 [ResponsJ
615 1586 736 1657 ¹⁴[Fiat.]
750 1586 810 1641 fiat.
848 1585 954 1648 Amen,
969 1583 1095 1640 Amen.”

433 1658 544 1727 [Canai]
571 1666 586 1686 ‘⁸
595 1657 765 1711 Anathema
777 1653 892 1711 cunctis
905 1654 1089 1711 haereticis”

433 1728 588 1799 [Respons]
614 1727 817 1789 “Anatherua,
831 1726 1028 1781 Anathema.'’

380 1888 530 1953 Decreta
551 1888 639 1951 illius
662 1884 805 1951 concilii
827 1895 908 1950 sunt
930 1907 1015 1969 quae
1038 1906 1138 1969 supra
1160 1886 1194 1949 in
1217 1886 1381 1969 principio
1403 1886 1497 1969 hujus

380 1986 489 2066 operis
511 1985 545 2045 in
566 2002 699 2045 summa
717 1978 864 2044 adducta
882 1991 971 2056 sunt,
991 1982 1025 2044 in
1048 1982 1167 2063 quibus
1185 1990 1302 2045 tamen
1317 1983 1376 2044 vix
1395 2001 1497 2045 unum

379 2098 495 2142 verum
518 2086 580 2141 est.
628 2076 722 2139 Haec
747 2075 853 2138 allata
872 2085 960 2150 sunt,
981 2084 1018 2139 ut
1041 2076 1176 2150 sciatur,
1195 2076 1285 2159 quod
1310 2074 1497 2139 Reformati

379 2192 518 2237 caecam
547 2170 659 2244 fidem,
690 2172 755 2234 hoc
787 2179 851 2244 est,
883 2169 984 2233 fidem
1015 2180 1207 2251 separatam
1237 2170 1281 2234 ab
1309 2168 1496 2244 intellectu,

378 2267 578 2331 retinuerim
596 2286 641 2329 ex
661 2263 837 2346 Religioso
853 2263 931 2341 illo;
955 2274 990 2327 et
1006 2266 1061 2347 qui
1080 2265 1223 2346 posthac
1240 2264 1389 2328 retinent
1405 2264 1497 2328 illam

378 2381 447 2424 non
466 2361 599 2443 possint
619 2359 778 2423 illustrari
800 2360 834 2421 in
854 2357 985 2421 Divinis
1004 2357 1142 2421 Verisa
1166 2358 1323 2422 Domino.
1368 2356 1497 2439 Quam-

379 2457 435 2520 diu
452 2451 646 2517 intellectus
662 2454 855 2534 captivatur
872 2453 935 2515 sub
950 2452 1145 2516 obedientia
1160 2451 1246 2527 fidei,
1264 2473 1323 2515 seu
1342 2451 1498 2516 intellec·

379 2560 434 2613 tus
452 2558 645 2611 removetur
663 2566 683 2609 a
701 2545 856 2609 videndis
871 2547 959 2609 veris
978 2545 1164 2622 Ecclesiae,
1181 2544 1219 2609 fit
1238 2545 1414 2627 theologia
1430 2566 1497 2609 non

379 2644 441 2707 nisi
457 2661 558 2726 quam
576 2660 629 2706 res
648 2641 851 2719 memoriae;
874 2650 910 2705 et
928 2660 981 2704 res
1001 2640 1104 2704 solius
1121 2642 1303 2705 memoriae
1318 2640 1499 2724 dissipatur

378 2739 465 2802 sicut
491 2737 601 2799 omnis
627 2755 681 2798 res
706 2734 873 2799 dissoluta
899 2755 919 2798 a
945 2755 1006 2798 suo
1028 2734 1166 2817 judicio,
1190 2747 1226 2800 et
1252 2737 1339 2818 perit
1365 2756 1411 2799 ex
1438 2756 1499 2800 suo

379 2833 533 2896 obscuro.
578 2829 663 2893 Inde
681 2839 746 2905 est,
765 2829 857 2912 quod
876 2830 944 2893 sint

430 2983 544 3033 “Duces
562 2983 633 3032 oaeci
650 2997 806 3040 caecorum:
832 2991 860 3032 et
877 2983 985 3047 quando
997 2997 1091 3034 caecus
1104 2999 1210 3035 caecum
1223 2985 1304 3044 ducit,
1319 2986 1400 3035 ambo
1417 2987 1445 3036 in
1460 2986 1500 3035 lo·

460 3053 469 3070 ¹
509 3063 586 3097 veam
599 3047 719 3098 cadunt''
731 3047 839 3111 (Matri.
852 3063 896 3097 xv.
911 3049 967 3111 14);

379 3215 414 3271 et
437 3215 516 3269 sunt
535 3205 638 3281 caeci,
658 3204 736 3288 quia
757 3225 827 3268 non
850 3204 1084 3288 ingrediuntur
1106 3227 1166 3290 per
1184 3205 1332 3289 januam,
1353 3209 1412 3272 sed
1437 3209 1499 3274 ali·

380 3301 488 3378 unde;
507 3299 604 3381 Jesus
623 3300 713 3362 enim
732 3299 825 3375 dicit,

430 3450 448 3472 ‘⁴
457 3447 516 3510 Ego
528 3463 587 3496 sum
598 3447 702 3512 Janua:
726 3461 773 3510 per
786 3445 831 3497 Me
843 3445 866 3496 si
879 3449 937 3511 quis
950 3449 1107 3506 introiverit,
1122 3449 1276 3509 salvabitur,
1291 3459 1317 3500 et
1334 3451 1501 3514 ingredietur

508 3523 536 3563 et
547 3513 704 3576 egredietur,
719 3523 746 3562 et
757 3527 886 3575 pascuum
899 3514 1018 3563 inveniet
1025 3513 1041 3534 '’
1052 3513 1128 3580 (Joh.
1139 3529 1165 3565 x.
1177 3517 1203 3579 9)
1214 3529 1219 3577 ;

381 3673 570 3751 “pascuum
602 3669 774 3733 invenire'’
799 3681 853 3734 est
889 3671 1013 3746 doceri,
1044 3669 1202 3736 illustrari
1239 3682 1274 3736 et
1311 3675 1429 3738 nutriri
1465 3677 1498 3738 in

380 3762 509 3827 Divinis
525 3764 621 3826 veris.
667 3761 796 3828 Omnes
809 3765 865 3847 qui
881 3785 948 3827 non
966 3766 1095 3828 intrant
1112 3786 1171 3848 per
1182 3766 1336 3848 Januam,
1350 3768 1416 3832 hoc
1433 3781 1498 3843 est,

378 3877 438 3940 per
457 3855 650 3931 Dominum,
667 3868 833 3921 vocantur
851 3859 965 3921 “sures
982 3868 1017 3922 et
1036 3857 1186 3922 latrones
1198 3859 1223 3938 ;”
1239 3869 1275 3924 at
1294 3861 1350 3942 qui
1368 3861 1500 3926 intrant

379 3971 439 4032 per
460 3949 615 4031 Januam,
640 3952 704 4014 hoc
732 3962 796 4027 est,
821 3972 880 4034 per
906 3952 1101 4028 Dominum,
1125 3962 1291 4017 vocantur
1314 3958 1500 4036 “pastores

379 4043 521 4118 ovium‚”
544 4045 577 4107 in
601 4046 722 4108 eodem
745 4047 858 4127 capite
884 4045 932 4128 (x.
948 4066 1034 4110 vers.
1055 4064 1081 4122 1,
1102 4046 1157 4130 2);
1181 4068 1264 4129 ergo
1287 4046 1352 4124 adi,
1376 4049 1498 4122 amice,

379 4139 574 4213 Dominum,
592 4149 627 4203 et
645 4139 723 4220 suge
742 4139 833 4203 mala
851 4151 887 4204 ut
910 4150 1064 4223 peccata,
1085 4151 1119 4204 et
1138 4141 1237 4222 rejice
1256 4141 1364 4205 solam
1382 4140 1498 4216 fidem,

378 4243 414 4296 et
438 4242 518 4296 tunc
542 4233 710 4314 aperietur
731 4232 925 4298 intellectus
948 4245 1036 4311 tuus,
1060 4245 1096 4300 et
1118 4236 1247 4300 videbis
1266 4235 1444 4314 mirabilia,
1464 4245 1499 4300 et

378 4325 533 4390 afficieris
552 4326 627 4389 illis.

437 4436 536 4505 915.
564 4422 826 4486 “fundumentum
846 4423 976 4505 primvm
996 4423 1108 4508 jaspis,
1132 4427 1301 4490 iocundum
1323 4425 1498 4507 sapphirus,

381 4511 504 4573 matium
523 4511 749 4586 chalcedonius,
763 4519 906 4594 quomam
922 4515 1143 4597 rmomydvrf'
1160 4527 1247 4594 [vers.
1261 4526 1316 4594 ao]
1336 4517 1500 4600 “qviotvm

377 4600 543 4684 eudonyr,
557 4607 679 4696 sexium
691 4604 827 4678 surdius,
842 4605 1000 4687 septimum
1015 4604 1230 4689 chrysolithus,
1244 4612 1383 4690 uriarum
1398 4607 1500 4691 beryl-
