3384 5400
350 645 414 711 668
670 660 919 712 rrocrtresrs
942 662 1153 712 navatam.

408 827 510 911 76⁶.
538 826 602 890 “fr
613 827 644 891 in
663 827 733 918 ipro
748 828 952 902 comburetur,
967 828 1037 912 puin
1058 827 1149 892 tortis
1168 827 1310 892 Dominus
1330 829 1411 892 ilaus
1417 828 1467 912 ju·

349 918 457 980 duum
474 916 593 990 illum,''
609 916 777 998 significat
797 919 888 1000 quod
894 919 1016 999 futuri
1032 919 1105 981 sint
1120 918 1200 982 odia
1218 928 1335 982 contra
1349 918 1465 997 Domo}

350 1027 438 1083 rrum,
454 1019 486 1073 et
502 1017 616 1072 contra
631 1009 901 1090 Ipsr'rcsCaelum
915 1020 947 1073 et
962 1008 1156 1084 Ecclesiam,
1173 1009 1252 1091 quia
1266 1019 1344 1072 tunc
1357 1008 1466 1074 vident

349 1103 451 1184 qu0d²
461 1102 559 1166 Solus
583 1103 747 1166 Dominus
773 1113 874 1184 super
898 1103 1008 1167 ommis
1033 1103 1068 1166 in
1096 1102 1207 1168 Caelis
1230 1112 1264 1165 et
1287 1103 1323 1166 in
1355 1102 1465 1166 Terris

348 1197 534 1260 dominetur
553 1206 586 1260 et
606 1206 729 1278 regnet,
752 1207 785 1260 et
806 1218 846 1260 ne
866 1196 972 1261 lez'lum
993 1197 1116 1279 aliquis
1138 1195 1232 1260 homo
1253 1218 1296 1261 ex
1316 1197 1465 1261 se.-Per

350 1293 493 1374 “ignem
501 1292 516 1316 ”
531 1313 598 1374 quo
614 1292 839 1367 comburetur,
857 1290 1065 1373 significatur
1080 1292 1195 1355 odium
1210 1302 1333 1356 contra
1348 1291 1463 1355 Domi-

348 1405 439 1460 num,
460 1395 495 1449 et
514 1396 635 1449 contra
654 1385 762 1467 Ipsius
781 1384 922 1450 Caelum
941 1395 976 1450 et
994 1385 1197 1460 Ecclesiam,
1217 1386 1260 1448 de
1278 1406 1347 1468 quo
1364 1386 1463 1460 infra;

348 1499 406 1561 per
427 1481 532 1562 “quia
554 1479 649 1543 sortis
671 1479 837 1544 Dominus
856 1479 1011 1562 judicans
1028 1479 1123 1543 illam
1131 1480 1146 1505 ”
1163 1478 1373 1561 significatur
1390 1480 1463 1563 quia

347 1574 464 1637 vident
492 1584 583 1648 tunc,
612 1574 676 1637 hoc
704 1584 768 1650 est,
794 1575 827 1637 in
855 1575 983 1638 mundo
1009 1573 1173 1656 spirituali
1197 1575 1232 1637 in
1259 1594 1361 1656 quem
1389 1584 1463 1658 post

247 1653 251 1679 '
348 1677 493 1731 mortem
506 1669 656 1741 v'eniunt,
670 1668 760 1750 quod
777 1667 877 1731 Solus
893 1667 1059 1732 Dominus
1070 1688 1170 1750 super
1181 1669 1296 1731 omnia
1308 1669 1341 1731 in
1355 1667 1462 1732 Caelis

346 1771 381 1824 et
400 1763 433 1824 in
450 1761 562 1825 Terris
578 1762 770 1826 dominetur
786 1773 821 1826 et
839 1770 972 1844 regnet,
989 1772 1025 1826 et
1044 1782 1087 1826 ne
1105 1763 1209 1826 hilum
1225 1763 1345 1845 aliquis
1364 1764 1463 1828 homo

345 1875 390 1918 ex
414 1876 469 1934 se;
497 1856 587 1938 quod
610 1857 693 1920 haec
717 1855 949 1938 significentur
970 1877 1030 1939 per
1054 1857 1159 1939 “quia
1181 1856 1276 1920 sortis
1298 1856 1462 1920 Dominus

339 1949 439 2013 ‘Deus
451 1950 605 2031 judicans
620 1951 743 2026 illam,”
755 1961 808 2014 est
821 1953 898 2034 quia
915 1951 1081 2016 Dominus
1096 1971 1165 2014 non
1174 1950 1303 2033 judicat
1318 1952 1461 2035 aliquem

247 2073 261 2122 ¹·
346 2045 389 2108 ad
406 2044 586 2120 infernum,
601 2045 661 2108 sed
677 2046 758 2127 ipsi;
778 2064 855 2108 cum
870 2046 961 2108 enim
973 2046 1125 2109 sentiunt
1138 2044 1328 2127 angelicam
1342 2049 1459 2129 sphae-

345 2159 416 2203 ram
435 2140 478 2204 de
498 2139 645 2202 Domino
663 2159 683 2202 e
698 2138 804 2204 Caelo
820 2139 1036 2214 defluentem,
1053 2140 1228 2221 aufugiunt
1246 2160 1285 2202 ac
1305 2141 1339 2203 in
1358 2141 1460 2206 Inser-

344 2253 425 2297 num
446 2255 483 2298 se
506 2233 698 2316 conjiciunt,
720 2245 756 2298 ut
780 2244 938 2298 constare
961 2243 1077 2316 potest
1099 2255 1145 2297 ex
1167 2234 1234 2297 illis
1255 2254 1342 2317 quae
1364 2256 1460 2318 supra

346 2327 393 2410 (u
410 2345 482 2414 2³3,
501 2342 571 2408 ³25.
591 2327 693 2410 [tro]
715 2344 787 2408 340,
805 2329 876 2408 387,
898 2327 973 2409 502)
994 2337 1133 2390 ostensa
1150 2337 1240 2391 sunt·
1285 2326 1386 2409 Quod
1404 2350 1460 2413 per

346 2422 511 2504 “ignem”
524 2419 731 2504 significetur
746 2442 841 2485 amor
857 2423 890 2484 in
908 2431 1049 2503 utroque
1065 2441 1177 2496 sensu,
1194 2442 1290 2485 amor
1305 2423 1458 2489 caelestis

335 2518 399 2599 'qui
418 2527 471 2580 est
489 2537 585 2580 amor
608 2515 755 2590 Domini,
776 2526 811 2579 et
830 2535 926 2578 amor
944 2515 1114 2580 infernalis
1131 2517 1187 2599 qui
1210 2526 1263 2580 est
1286 2536 1382 2580 amor
1401 2519 1456 2591 sui,

342 2612 497 2674 videatur
513 2630 611 2692 supra
627 2608 673 2690 (n.
685 2611 758 2688 468,
771 2609 865 2692 494):
885 2611 975 2693 quod
991 2611 1079 2692 ignis
1094 2609 1264 2674 infernalis
1279 2612 1322 2674 sit
1336 2612 1455 2690 odium,

342 2718 396 2771 est
412 2708 489 2789 quia
507 2726 603 2769 amor
620 2707 669 2768 sui
685 2706 777 2783 odit;
801 2726 921 2770 omnes
936 2708 1026 2769 enim
1041 2706 1097 2788 qui
1115 2706 1149 2767 in
1165 2705 1225 2769 illo
1240 2726 1355 2770 amore
1370 2718 1455 2781 sunt,

342 2800 526 2864 secundum
543 2800 685 2881 gradum
701 2798 781 2881 ejus,
795 2800 843 2863 ira
858 2800 1097 2874 exardescunt,
1111 2819 1150 2862 ac
1167 2800 1247 2863 odio
1262 2810 1297 2863 et
1313 2798 1457 2865 vindidla

341 2895 487 2976 flagrant
503 2904 623 2957 contra
642 2893 718 2957 illos
734 2895 789 2976 qui
807 2895 1029 2975 impugnant;
1052 2903 1089 2957 et
1106 2894 1154 2957 illi
1172 2895 1228 2976 qui
1246 2915 1265 2957 e
1285 2894 1456 2977 Babylone

342 2999 431 3063 sunt,
452 2998 573 3051 contra
593 2987 670 3051 illos
691 2989 746 3071 qui
770 2998 899 3070 negant
921 2988 1012 3070 quod
1035 2997 1072 3051 ut
1095 2985 1304 3052 Sanetitates
1326 2990 1455 3053 colendi

342 3093 377 3147 et
396 3082 559 3146 adorandi
578 3084 656 3145 sint.
701 3082 785 3145 Ideo
806 3102 883 3145 cum
901 3082 1041 3146 audiunt
1064 3082 1155 3164 quod
1176 3083 1211 3146 in
1232 3081 1338 3146 Caelo
1361 3083 1455 3147 Solus

341 3176 507 3240 Dominus
520 3176 652 3240 colatur
667 3186 702 3240 et
721 3178 890 3250 adoretur,
904 3186 939 3240 et
955 3176 1045 3259 quod
1061 3176 1173 3239 colere
1189 3176 1335 3259 aliquem
1351 3178 1454 3241 homi-

341 3292 419 3335 nem
439 3271 516 3334 loco
536 3270 671 3335 Domini
690 3272 734 3334 sit
750 3271 972 3353 prophanum,
990 3269 1027 3334 fit
1043 3271 1198 3333 adoratio
1215 3270 1352 3335 Domini
1370 3271 1454 3355 apud

339 3366 417 3428 illos
446 3366 559 3428 odium
587 3374 706 3427 contra
736 3364 857 3442 lllum;
886 3374 921 3428 et
951 3365 1156 3427 adulteratio
1183 3364 1288 3430 Verbi
1321 3377 1454 3450 propter

339 3460 434 3523 illum
457 3458 558 3522 finem
582 3469 618 3522 ut
641 3458 807 3533 colantur,
831 3456 869 3522 fit
892 3460 1113 3541 prophanum.
1168 3458 1245 3522 Hoc
1268 3459 1383 3544 itaque
1404 3468 1453 3525 est

339 3553 429 3636 quod
457 3551 665 3635 significatur
692 3572 750 3634 per
776 3553 867 3635 quod
895 3552 1051 3634 Babylon
1081 3554 1187 3634 “igne
1215 3552 1453 3619 comburetur.”

340 3645 441 3727 Quod
456 3653 475 3679 ‘¹
485 3649 564 3729 igne
576 3646 727 3709 comburi
733 3646 748 3670 ''
761 3647 804 3708 sit
821 3665 931 3728 poena
943 3647 1222 3728 prophanationis
1233 3645 1352 3724 santii,
1364 3650 1452 3713 vide·

338 3752 414 3804 atur
443 3761 542 3823 supra
574 3738 620 3822 (n.
647 3738 736 3823 748).
795 3738 911 3805 Simile
940 3739 1141 3824 intelligitur
1166 3762 1226 3824 per
1255 3742 1339 3808 haec
1368 3742 1453 3827 apud

338 3834 548 3909 Jeremiam:
1386 3858 1391 3869 ·

372 3984 456 4047 “Ego
472 3995 566 4032 contra
584 3994 609 4032 te
617 3982 631 4003 ”
650 3982 742 4041 Bauer,
765 3974 869 4032 ¹'mons
889 3983 1013 4046 perdens,
1032 3983 1147 4046 perdens
1167 3983 1321 4033 universam
1342 3993 1452 4040 terram:

467 4050 608 4098 devolvam
626 4058 652 4097 te
670 4064 685 4097 e
703 4048 793 4111 petris.
808 4058 834 4097 et
845 4049 916 4097 dabo
932 4057 959 4097 te
974 4049 1001 4097 ln
1014 4058 1134 4097 montem
1146 4050 1348 4100 combustionis.
1386 4048 1453 4098 Muri

468 4114 575 4242 Babegs
587 4114 734 4241 egerstsseitdo
745 4123 907 4172 evertentur,
921 4122 949 4163 et
965 4124 1059 4177 portae
1070 4113 1130 4177 ejus
1141 4114 1212 4163 altae
1223 4114 1286 4178 igne
1298 4117 1453 4165 comburen-

466 4192 510 4230 tur
563 4192 631 4238 te,
686 4216 693 4229 .

393 4322 488 4405 767.
508 4332 594 4399 [Vm.
606 4326 645 4398 9·]
659 4319 884 4383 “fidustium
894 4320 988 4392 illurn,
999 4320 1186 4403 cipiunpent
1196 4320 1351 4401 superillo
1362 4339 1453 4405 myos

335 4418 453 4484 murno,
460 4411 514 4493 qui
520 4430 589 4472 oum
599 4410 652 4472 illu
661 4410 796 4474 remoti
802 4414 876 4473 tunt
884 4414 918 4472 ot
924 4409 1068 4482 dolioiuti,
1078 4411 1197 4494 quondo
1206 4409 1333 4473 u'dsrini
1342 4411 1452 4473 inmun

336 4500 548 4565 amantionis
571 4500 674 4583 οἰκί’
695 4500 863 4583 significat
884 4502 1063 4564 interiores
1085 4501 1213 4564 dolores
1238 4500 1374 4565 illorum
1394 4506 1454 4584 qui

334 4594 369 4657 in
384 4593 553 4676 superrori
561 4594 703 4657 dominio
717 4603 749 4656 et
762 4594 830 4676 q'us
834 4593 995 4677 jucundis
1000 4593 1145 4673 fuerunt
1150 4603 1215 4675 per
1216 4593 1408 4678 falsificata
1422 4602 1452 4657 et
