3384 5400
303 635 364 718 576
622 649 868 701 APOCALYPSIS
892 649 1103 700 REVELATA.

289 783 432 884 'Dicitur
449 821 552 884 etiam
571 821 660 904 apud
678 819 830 905 Equ'am.

351 987 368 1008 ⁸¹
376 984 517 1035 Calamum
525 995 666 1035 contusum
676 1001 730 1034 non
739 986 899 1048 confringet,
909 997 936 1035 et
945 985 1040 1036 Linum
1049 985 1185 1050 fumigans
1193 1002 1249 1036 uon
1257 987 1419 1051 exstinguet,

429 1051 495 1102 etin
508 1053 647 1101 veritatem
661 1052 777 1114 proferet
788 1051 938 1115 judicium”
950 1053 1014 1114 (xlii.
1027 1051 1060 1114 3).

300 1214 362 1277 Per
381 1210 540 1277 “linum''
558 1214 590 1275 in
613 1211 677 1274 illis
701 1211 783 1274 locis
807 1231 875 1274 non
899 1211 988 1274 aliud
1011 1211 1212 1294 intelligitur
1229 1231 1329 1296 quam
1348 1210 1420 1277 Ve-

299 1329 382 1372 rum.

358 1403 449 1484 672.
476 1412 561 1478 [Vm.
575 1409 613 1478 7.]
639 1399 704 1462 ‘ft
717 1419 806 1461 uuum
821 1399 859 1463 de
870 1404 1003 1480 quatuor
1014 1397 1197 1463 Animalibus
1211 1399 1293 1463 dedit
1305 1404 1422 1481 septem

298 1492 422 1576 lupulis
435 1497 551 1571 septem
561 1490 683 1572 phialae
696 1491 851 1562 eureus,''
861 1489 1031 1571 significat
1044 1511 1125 1553 vera
1135 1499 1169 1553 et
1179 1489 1264 1554 bona
1274 1490 1348 1564 illa,
1357 1499 1423 1570 per

299 1607 383 1668 quae
407 1584 497 1647 mala
521 1594 554 1647 et
569 1583 670 1663 falsa
695 1581 859 1645 Ecclesiae
881 1583 1085 1662 deteguntur,
1109 1603 1152 1645 ex
1177 1582 1283 1647 Sensu
1305 1583 1423 1646 literae

308 1679 409 1744 Verbi
435 1677 764 1758 desumpta-Quod
796 1683 968 1760 “quatuor
997 1677 1198 1753 Animalia,”
1226 1698 1313 1760 quae
1342 1688 1420 1742 sunt

299 1775 455 1849 Cherubi‚
484 1771 676 1854 significent
703 1772 855 1835 Verbum
885 1775 919 1835 in
948 1772 1084 1847 ultimis,
1112 1783 1147 1836 et
1178 1773 1349 1836 custodias
1377 1793 1421 1837 ne

299 1871 446 1952 genuina
457 1889 536 1930 vera
552 1877 586 1930 et
603 1867 692 1929 bona
708 1866 777 1948 ejus
790 1867 968 1941 violentur,
982 1869 1135 1930 videatur
1148 1888 1247 1949 supra
1261 1867 1308 1949 (n.
1321 1867 1397 1950 239)
1412 1890 1421 1945 ;

299 1974 334 2029 et
357 1965 434 2046 quia
456 1983 535 2026 vera
562 1971 597 2025 et
623 1961 712 2024 bona
736 1961 841 2025 Verbi
867 1963 1026 2025 interiora
1051 1981 1110 2044 per
1132 1959 1276 2025 Sensum
1303 1962 1421 2027 literae

299 2059 369 2142 ejus
395 2059 640 2130 custodiuntur,
665 2057 741 2121 ideo
768 2057 824 2121 ille
852 2055 976 2121 Sensus
1002 2055 1108 2121 Verbi
1134 2077 1194 2140 per
1218 2063 1349 2121 “unum
1375 2078 1421 2122 ex

299 2165 443 2238 quatuor
470 2151 706 2217 Animalibus”
733 2152 958 2234 significatur:
997 2171 1056 2234 per
1080 2158 1240 2234 “septem
1268 2153 1421 2235 phialas”

298 2248 507 2333 significatur
532 2247 640 2311 simile
663 2248 753 2330 quod
777 2269 836 2330 per
860 2255 1020 2330 “septem
1044 2247 1163 2330 plagas
1173 2247 1200 2325 ;''
1228 2259 1308 2312 sunt
1330 2251 1420 2314 enim

299 2345 520 2417 continentia,
534 2354 569 2407 et
585 2363 645 2425 per
656 2343 868 2405 continentia
883 2344 916 2404 in
930 2342 1046 2405 Verbo
1058 2341 1289 2424 significantur
1301 2344 1421 2408 similia

299 2461 385 2523 quae
404 2460 462 2521 per
481 2448 655 2511 contenta,
673 2448 709 2500 ut
729 2457 788 2518 per
805 2437 991 2519 “poculum
1000 2437 1016 2461 ”
1031 2437 1139 2500 simile
1157 2439 1247 2520 quod
1266 2458 1325 2521 per
1342 2441 1420 2502 “vi-

300 2534 407 2608 num,”
426 2553 465 2596 ac
489 2553 549 2614 per
573 2537 591 2564 ‘⁴
601 2533 751 2613 patinam
761 2531 776 2556 ‘'
800 2532 907 2594 simile
929 2534 1019 2614 quod
1043 2551 1103 2614 per
1126 2534 1264 2596 “cib‘um
1278 2534 1304 2610 ;”
1329 2537 1420 2617 quod

299 2626 1418 2713 per“pocula‚''⁴‘calices‚”“phialas’‘⁴⁴paropsides,'’similiasigni-

299 2724 441 2789 ficentur
459 2743 545 2805 quae
564 2743 622 2804 per
641 2732 815 2795 contenta,
835 2723 1002 2786 videbitur
1021 2725 1053 2785 in
1073 2743 1161 2787 nunc
1180 2727 1418 2806 sequentibus:

299 2820 378 2903 quid
398 2839 456 2900 per
473 2824 634 2899 “septem
654 2816 809 2898 Angelos
818 2817 833 2841 ”
852 2817 1068 2899 significatur,
1086 2818 1326 2900 supradictum
1346 2834 1418 2889 est:

299 2914 389 2997 quod
410 2913 539 2975 “datae
562 2912 629 2974 sint
653 2911 717 2974 illis
741 2912 903 2993 phialae,”
918 2924 971 2976 est
994 2914 1071 2995 quia
1092 2916 1204 2995 agitur
1226 2916 1269 2977 de
1292 2916 1420 2982 influxu

298 3010 423 3071 veriet
441 3007 520 3069 boni
543 3007 576 3068 in
601 3005 800 3081 Ecclesiam,
822 3018 858 3069 ut
877 3008 1083 3089 detegantur
1101 3008 1190 3070 mala
1208 3020 1244 3073 et
1266 3011 1360 3087 falsa,
1379 3033 1419 3077 ac

299 3105 389 3167 nuda
415 3103 506 3165 bona
530 3111 564 3163 et
590 3121 668 3163 vera
692 3120 760 3163 non
788 3113 929 3182 possunt
955 3102 1102 3177 influere,
1128 3104 1211 3166 haec
1236 3108 1324 3169 enim
1351 3128 1420 3171 non

298 3199 514 3279 recipiuntur,
534 3195 593 3259 sed
613 3196 772 3257 investita
790 3216 880 3272 vera,
897 3197 1008 3279 qualia
1026 3208 1104 3261 sunt
1123 3200 1156 3261 in
1176 3196 1283 3262 Sensu
1303 3201 1420 3267 literae

299 3290 424 3369 Verbi;
449 3301 483 3353 et
504 3300 678 3372 praeterea
702 3289 867 3353 Dominus
890 3302 1048 3374 operatur
1071 3313 1204 3375 semper
1225 3316 1269 3357 ex
1293 3298 1420 3361 intimis

300 3408 358 3470 per
374 3387 502 3459 ultima,
520 3405 577 3448 seu
597 3386 629 3448 in
649 3384 769 3466 pleno:
794 3385 878 3448 haec
897 3407 999 3449 causa
1016 3398 1079 3461 est,
1096 3389 1186 3469 quod
1204 3390 1334 3453 “datae
1352 3394 1420 3457 sint

300 3480 445 3562 Angelis
467 3478 628 3561 phialae,”
647 3499 705 3560 per
724 3500 806 3562 quas
825 3480 1055 3561 significantur
1074 3504 1153 3545 vera
1171 3492 1206 3545 et
1229 3484 1319 3547 bona
1337 3507 1419 3549 con-

299 3576 454 3649 tinentia,
479 3574 590 3657 qualia
613 3584 691 3637 sunt
715 3573 840 3637 Sensus
868 3573 984 3639 literae
1007 3575 1123 3651 Verbi,
1147 3597 1206 3659 per
1228 3599 1314 3660 quae
1337 3581 1420 3645 salsa

298 3680 334 3733 et
358 3668 448 3732 mala
466 3669 682 3749 deteguntur.
729 3667 828 3750 Quod
853 3668 978 3733 Sensus
1002 3670 1118 3734 literae
1142 3670 1246 3736 Verbi
1270 3676 1314 3737 sit
1336 3696 1419 3739 con-

300 3767 422 3839 tinens,
433 3765 587 3828 videatur
597 3764 630 3827 in
642 3764 804 3827 Dollrina
814 3764 930 3827 Novae
938 3765 1235 3847 Hierosolymaede
1243 3769 1421 3850 Scriptura

301 3860 407 3923 Sacra
429 3856 475 3940 (n.
496 3858 608 3939 27-36‚
630 3869 664 3922 et
685 3858 813 3939 37-49).
860 3858 960 3939 Quod
984 3881 1043 3941 per
1063 3868 1081 3893 ‘⁴
1091 3861 1249 3942 phialas”
1269 3870 1419 3948 “parop-

300 3954 417 4029 sides”
437 3954 610 4036 “pocula''
629 3964 663 4017 et
687 3954 867 4029 “calices’'
881 3974 1006 4037 perque
1023 3957 1172 4030 “utres”
1190 3959 1421 4040 significentur

299 4049 357 4112 illa
370 4070 456 4132 quae
471 4050 504 4111 in
520 4048 585 4111 illis
598 4050 826 4125 continentur,
840 4060 998 4113 constare
1013 4060 1128 4131 potest
1144 4073 1189 4115 ex
1202 4056 1421 4136 sequentibus

300 4141 401 4207 locis:

351 4306 369 4329 ‘⁸
379 4304 453 4355 Dixit
464 4302 594 4369 jehoveh.
610 4304 691 4355 Sume
703 4304 821 4355 Calicem
839 4306 895 4355 irae
907 4320 1016 4355 emanu
1029 4305 1101 4366 Mea,
1115 4316 1143 4356 et
1160 4305 1202 4357 lac
1219 4309 1310 4358 bibere
1324 4324 1420 4360 omues

430 4380 541 4432 gentes;
559 4372 666 4434 quando
684 4372 821 4421 renuerint
837 4372 957 4434 accipere
970 4371 1097 4429 Calicem.
1111 4373 1192 4433 dices,
1208 4373 1330 4425 Bibendo
1348 4376 1420 4426 bibe·

431 4434 487 4484 tis'¹
500 4435 607 4500 (Jerem.
620 4450 681 4485 xxv.
696 4449 734 4497 15,
748 4437 786 4495 16,
800 4436 857 4497 πῶς

351 4499 453 4550 “Calix
473 4502 530 4550 auri
556 4500 638 4550 Babel
661 4503 689 4551 in
713 4518 794 4552 manu
815 4502 944 4569 Jehovae‚
966 4503 1104 4553 inebrians
1124 4504 1277 4554 universam
1298 4505 1420 4556 terram''

351 4632 370 4657 ‘⁸
378 4567 582 4681 DelgoJeCraVllc'eltln
591 4568 693 4683 Vneris
706 4634 733 4683 in
746 4648 857 4683 manum
869 4644 952 4694 tuam,
963 4636 1092 4686 ebrietate
1102 4644 1129 4685 et
1138 4636 1246 4685 tristitie
1255 4636 1417 4700 impleberis.
