3384 5400
342 685 404 767 642
646 665 911 751 'anocnuunms
934 698 1145 750 navatam.

342 871 450 948 sunt,”
472 871 524 936 hic
548 882 673 952 autem,
699 869 799 948 “bi;'’
835 872 912 953 quia
938 871 982 934 ibi
1007 871 1093 935 sicut
1119 868 1173 934 hic
1195 869 1309 953 agitur
1332 871 1375 936 de
1401 871 1466 934 illis

342 969 397 1052 qui
420 989 440 1030 a
459 965 633 1050 Religioso
652 965 830 1030 Catholico
850 965 1009 1028 Romano
1027 975 1249 1040 recesserunt,
1270 965 1330 1029 sed
1352 967 1396 1030 ibi
1417 965 1465 1029 illi

342 1061 454 1147 quoad
471 1070 613 1144 partem,
630 1061 663 1123 hi
679 1069 793 1124 autem
810 1080 953 1143 prorsus.
999 1058 1100 1141 Quod
1116 1060 1169 1123 hic
1185 1069 1308 1141 agatur
1325 1061 1369 1123 de
1385 1060 1465 1137 Pr07

343 1157 548 1221 testantibus
571 1175 630 1218 seu
653 1153 870 1229 Reformati5‚
890 1165 985 1236 patet
1010 1176 1030 1217 a
1052 1155 1270 1236 sequentibus
1293 1154 1355 1227 his,
1376 1155 1464 1238 quod

342 1251 465 1314 sacient
482 1249 696 1313 Meretricem
713 1248 904 1312 desolatam
919 1259 955 1312 et
974 1248 1110 1321 nudam,
1129 1268 1248 1311 carnes
1264 1247 1335 1329 ejus
1352 1267 1464 1312 corne·

342 1346 437 1420 dent,
460 1354 495 1408 et
526 1343 618 1407 illam
648 1345 726 1426 igne
749 1343 960 1418 comburent,
984 1353 1019 1406 et
1042 1343 1172 1406 dabunt
1195 1363 1339 1424 regnum
1369 1361 1462 1405 suum

344 1440 488 1504 Bestiae.
533 1437 634 1522 Quod
650 1458 708 1522 per
723 1444 741 1470 ¹⁴
751 1439 871 1501 decem
883 1457 1019 1512 cornua,
1033 1457 1119 1520 quae
1135 1437 1247 1500 vidisti
1264 1458 1364 1521 super
1381 1437 1460 1501 Bes-

343 1537 391 1598 tia
399 1533 414 1559 ”
430 1533 637 1616 significetur
649 1532 800 1596 Verbum
813 1531 925 1615 quoad
938 1533 1128 1613 potentiam
1144 1552 1188 1595 ex
1206 1531 1336 1594 Divinis
1353 1531 1460 1606 Veris,

342 1629 497 1692 videatur
515 1649 614 1712 supra
634 1626 680 1709 (n.
700 1626 788 1710 740).
835 1624 936 1709 Quod
957 1627 1066 1689 “odio
1084 1627 1209 1689 habere
1225 1625 1462 1690 Meretricem”

343 1726 387 1787 sit
410 1723 621 1804 Religiosum
644 1721 823 1786 Catholico
848 1720 1042 1784 Romanum
1065 1740 1134 1784 non
1156 1719 1302 1796 sufferre,
1326 1732 1363 1784 et
1389 1721 1461 1784 ideo

337 1817 456 1902 jugum
476 1817 623 1880 Dominii
643 1814 771 1898 papalis
789 1837 810 1878 a
828 1835 865 1878 se
883 1813 1046 1898 rejicere[,
1066 1813 1188 1898 patet].

401 1931 495 2004 747·
523 1915 1466 1999 “ettoeotaumtaotmtttam,arauteml'significatquot

341 2021 460 2076 exuent
471 2032 507 2074 se
508 2009 617 2091 falsis
629 2019 661 2072 et
672 2010 771 2073 malis
783 2011 969 2093 esim—Per
982 2005 1203 2074 “desolatam
1219 2009 1329 2073 facere
1347 2006 1439 2073 illam
1447 2007 1461 2033 ”

343 2105 551 2188 significatur
573 2125 698 2168 exuere
720 2125 757 2168 se
779 2104 873 2182 falsis
893 2098 973 2185 ejus,
994 2115 1028 2168 et
1052 2125 1111 2187 per
1131 2103 1251 2167 “illam
1272 2104 1395 2167 nudam
1414 2105 1460 2167 sa·

343 2199 443 2266 cere”
460 2200 667 2282 significatur
685 2219 809 2262 exuere
833 2219 869 2262 se
889 2199 985 2262 malis
1004 2199 1093 2279 ejus;
1121 2218 1198 2261 nam
1219 2199 1408 2263 desolatam
1427 2208 1460 2262 et

342 2296 467 2358 nudam
486 2295 611 2358 faciunt
630 2293 721 2356 illam
741 2294 829 2375 apud
853 2314 900 2357 se.
945 2293 1123 2357 Desolatio
1141 2295 1174 2356 in
1194 2293 1311 2357 Verbo
1330 2295 1460 2376 praedi-

342 2400 438 2454 catur
460 2391 502 2452 de
526 2391 612 2452 veris
635 2399 671 2452 et
694 2387 795 2464 falsis,
819 2399 855 2451 et
882 2389 1016 2451 nuditas
1039 2389 1082 2450 de
1103 2387 1201 2450 bonis
1227 2399 1262 2451 et
1293 2388 1401 2463 malis,
1425 2399 1460 2452 ut

342 2496 499 2548 constare
512 2492 626 2566 potest
643 2504 687 2547 ex
700 2483 765 2546 illis
777 2503 863 2566 quae
879 2484 922 2546 de
938 2483 1103 2558 nuditate,
1117 2502 1217 2565 supra
1234 2482 1281 2564 (n.
1295 2500 1367 2563 213,
1383 2484 1458 2566 706)

341 2576 487 2644 addud'ta
506 2589 593 2642 sunt.
639 2577 695 2640 Ex
715 2578 765 2640 his
784 2588 941 2641 constare
961 2588 1087 2659 potest,
1107 2577 1197 2659 quod
1217 2597 1275 2660 per
1295 2584 1314 2610 “
1326 2578 1459 2642 desola-

342 2684 413 2738 tam
437 2673 561 2738 sacient
584 2671 676 2737 illam
700 2683 735 2737 et
759 2670 909 2736 nudam'¹
932 2671 1138 2755 significetur
1160 2673 1251 2756 quod
1274 2684 1402 2737 exuent
1425 2693 1459 2736 se

342 2768 497 2833 omnibus
516 2768 606 2830 falsis
629 2776 664 2831 et
687 2766 784 2830 malis
803 2767 969 2851 Religiosi
990 2767 1095 2831 istius.
1140 2766 1242 2849 Quod
1266 2768 1457 2833 Protestan-

342 2874 395 2927 tes
414 2882 472 2925 seu
492 2860 677 2924 Reformati
696 2862 744 2924 ita
762 2862 913 2939 iecerint,
934 2871 1052 2925 notum
1071 2872 1134 2925 est.

401 2964 500 3047 748.
528 2962 592 3025 “ft
611 2982 726 3028 eomes
747 2964 814 3046 ejus
829 2966 998 3036 comedent,
1016 2970 1050 3027 et
1067 2964 1150 3026 ittam
1164 2954 1345 3029 comburent
1355 2965 1458 3050 ἐμοί’

342 3050 512 3135 significat
527 3053 618 3134 quod
635 3052 726 3116 mala
746 3064 779 3117 et
790 3054 894 3134 falsa
908 3069 992 3135 quae
1008 3055 1156 3136 propria
1169 3054 1341 3137 Religiosi
1356 3056 1457 3120 istius

342 3156 429 3221 sunt,
445 3166 488 3209 ex
505 3146 577 3208 odio
593 3145 799 3209 damnabunt
816 3156 848 3209 et
864 3148 960 3229 apud
973 3167 1008 3209 se
1022 3148 1201 3221 destruent,
1219 3158 1252 3210 et
1268 3148 1380 3229 ipsum
1395 3148 1457 3211 Re·

341 3238 496 3321 ligiosum
514 3240 714 3303 devovebant
730 3251 762 3304 et
782 3241 879 3322 apud
892 3262 928 3305 se
944 3240 1244 3306 delebunt-Haec
1264 3244 1307 3307 de
1326 3244 1457 3307 Protes-

342 3335 503 3409 tantibus,
523 3335 578 3416 qui
602 3336 649 3398 ita
668 3333 783 3399 ladiuri
807 3345 885 3400 sunt
909 3356 984 3399 cum
1004 3335 1193 3410 Meretrice,
1213 3336 1278 3400 hoc
1301 3346 1366 3412 est,
1385 3355 1457 3399 cum

342 3427 517 3510 Religioso
531 3428 710 3493 Catholico
723 3430 890 3493 Romano.
936 3431 998 3494 Per
1012 3438 1158 3495 “carnes
1174 3431 1244 3513 ejus
1259 3431 1436 3495 comedere
1445 3430 1459 3454 '’

341 3522 548 3604 significatur
563 3526 696 3606 propria
712 3523 876 3607 Religiosi
892 3526 998 3601 istius,
1014 3546 1100 3609 quae
1116 3537 1194 3590 sunt
1210 3525 1300 3589 mala
1315 3536 1350 3589 et
1367 3525 1457 3600 falsa,

341 3638 386 3680 ex
410 3618 489 3680 odio
513 3617 673 3681 damnare
696 3620 784 3702 apud
807 3640 844 3681 se
868 3631 903 3684 et
926 3621 1110 3693 destruere,
1135 3621 1177 3683 de
1200 3641 1267 3703 quo
1289 3622 1458 3703 sequitur;

341 3723 376 3775 et
400 3732 459 3794 per
479 3712 599 3775 “illam
619 3714 814 3777 comburere
835 3714 914 3795 igne
923 3714 938 3740 '’
956 3713 1164 3797 significatur
1182 3715 1289 3796 ipsum
1309 3714 1457 3797 Religio·

341 3801 467 3870 sum'ut
481 3807 690 3890 prophanum
704 3808 872 3871 devovere
887 3819 924 3871 et
939 3810 1028 3890 apud
1041 3830 1078 3873 se
1093 3808 1226 3886 delere;
1250 3809 1339 3891 quod
1354 3812 1459 3892 “igne

341 3902 537 3964 comburere
549 3900 563 3925 ”
586 3902 618 3964 id
652 3904 706 3975 sit,
730 3912 783 3965 est
813 3904 891 3986 quia
921 3924 1030 3985 poena
1052 3904 1330 3986 prophanationis
1353 3902 1459 3969 santii

340 3994 400 4059 suit
419 3997 631 4074 combustio;
655 4017 757 4078 quare
776 4018 820 4060 ex
841 3997 937 4079 Lege
956 3998 1078 4061 Divina
1097 3998 1167 4074 luit,
1187 3998 1277 4082 quod

389 4168 441 4233 Qui
459 4169 664 4231 prophanabant
683 4169 788 4220 Nomen
806 4170 925 4249 Jehovae
941 4171 1055 4221 colendo
1066 4172 1135 4221 alios
1146 4174 1221 4231 deos,
1235 4173 1274 4223 illl
1292 4184 1318 4223 et
1329 4174 1421 4223 omnia
1432 4174 1464 4224 il·

471 4236 558 4283 lonrm
570 4238 791 4285 comburerentur
805 4252 867 4300 igne
879 4237 968 4297 (Dent.
980 4239 1035 4289 xiii.
1049 4251 1078 4300 13
1090 4235 1147 4303 [ad]
1160 4252 1191 4302 19
1202 4236 1247 4304 [B.
1258 4242 1294 4289 A.
1307 4237 1399 4305 12-18]
1411 4257 1417 4291 ι

340 4342 416 4405 ideo

390 4476 482 4527 Moses
494 4476 612 4527 Vitulum
626 4494 744 4539 aureum,
759 4495 836 4544 quem
856 4480 902 4531 filii
920 4480 1029 4533 israelis
1046 4483 1158 4547 profane
1169 4484 1301 4544 colebant,
1315 4485 1461 4535 combussit

471 4544 532 4605 igne
545 4542 637 4605 (Exod.
652 4545 732 4595 xxxii.
746 4542 813 4610 [20];
831 4547 910 4597 Dent.
921 4548 957 4597 ix.
973 4549 1029 4610 21);

390 4606 424 4657 Et
435 4608 492 4657 bini
509 4610 555 4658 filii
573 4611 717 4669 Abatonis
732 4613 793 4675 quia
810 4614 1017 4675 prophanabant
1033 4612 1136 4675 santia,
1151 4630 1184 4665 ex
1201 4616 1264 4679 igne
1281 4631 1297 4666 e
1313 4617 1388 4667 caelo
1399 4630 1461 4667 con-

470 4677 569 4737 sumpti
581 4686 644 4725 sunt
655 4676 747 4738 (Levit.
759 4692 785 4727 x.
799 4678 871 4741 1-6);
1112 4696 1116 4705 ·
