3384 5400
511 724 589 775 cun.
608 723 812 787 xtv.,v1·:ns.
833 711 959 775 16.-N.
974 713 1046 794 647.
1271 727 1330 798 55¹

264 895 350 948 “etet
361 909 420 946 cum
433 896 566 958 colligitur
576 895 674 946 Messis
685 911 763 958 seges
776 905 859 954 stans,
871 905 898 946 et
909 897 1047 946 brachium
1057 896 1116 960 ejus
1124 899 1221 954 aristes
1231 898 1334 960 Meter,

343 977 423 1014 mane
441 977 533 1012 semen
546 972 620 1012 tuum
633 961 781 1014 efflorescit.
796 977 907 1012 acervus
925 961 1023 1013 Messis
1040 962 1124 1013 indie
1141 966 1330 1027 possessionis,

344 1038 370 1077 et
381 1028 459 1078 dolor
469 1029 626 1091 desperatus
634 1026 647 1048 ”
660 1027 743 1092 (Esaj.
755 1028 817 1076 xvii.
831 1039 854 1087 5,
869 1025 952 1089 ulfi),

264 1095 283 1116 '¹
292 1091 433 1143 Pudetaffi
441 1103 503 1143 sunt
515 1093 656 1154 agricolae,
671 1108 703 1142 eo
715 1093 786 1156 quod
799 1093 906 1156 perierit
919 1093 1019 1143 Messis
1030 1095 1088 1156 agri
1096 1094 1111 1113 '⁹
1119 1091 1194 1158 (Joel
1202 1095 1218 1145 i.
1233 1096 1288 1157 11);

261 1157 340 1223 Jcsus
356 1159 423 1209 dixit
433 1160 468 1208 ad
479 1158 633 1222 discipulos,
647 1159 717 1222 quod
729 1160 815 1208 adhuc
824 1160 1004 1222 quadrimeste
1016 1160 1059 1219 sit,
1073 1160 1158 1209 donec
1177 1159 1276 1210 Messis
1287 1177 1334 1211 ve·

344 1225 415 1283 niat3
435 1227 452 1248 ‘⁴
461 1224 546 1274 tollite
564 1225 656 1274 oculos
669 1233 782 1282 vestros,
796 1233 822 1274 et
837 1222 956 1286 speciate
968 1239 1057 1287 agros,
1072 1225 1142 1288 quod
1160 1225 1213 1274 albi
1231 1225 1285 1276 sint
1298 1227 1333 1277 ad

344 1288 462 1340 Messem
471 1289 526 1352 jam
535 1289 606 1352 jam3
626 1289 684 1352 Ego
694 1290 754 1338 misi
763 1305 812 1339 vos
824 1289 860 1339 ad
873 1289 1029 1339 Metendum
1038 1289 1053 1309 ”
1062 1289 1137 1355 (Joh.
1150 1290 1184 1340 iv.
1196 1288 1331 1352 35-38[¹l);

264 1354 367 1421 ’Ἴσως
379 1356 446 1405 dixit
457 1356 603 1418 discipulis,
618 1354 716 1404 Messis
734 1356 818 1404 multa
834 1365 884 1414 est,
898 1356 1013 1417 operarii
1024 1365 1113 1404 autem
1126 1359 1204 1419 pauci
1214 1359 1233 1414 ς·
1239 1369 1332 1420 rogate

345 1421 491 1547 Domingsm
508 1419 618 1535 {lensia
632 1430 661 1548 t)1l
674 1421 761 1470 mittet
772 1421 910 1484 operarios
927 1421 955 1470 in
974 1419 1093 1470 Messem
1105 1421 1209 1472 Suam”
1221 1420 1329 1485 (Metti.

343 1487 379 1536 ix.
391 1497 431 1547 37,
484 1499 490 1548 ;
533 1502 571 1536 uc.
583 1501 609 1537 x.
621 1497 654 1536 2.

213 1627 252 1691 ln
271 1629 323 1692 his
338 1628 431 1704 locis,
448 1640 483 1692 et
499 1649 631 1712 quoque
646 1627 740 1712 Esaj.
757 1629 824 1691 xvi.
840 1645 881 1708 9;
904 1628 1030 1702 Jerem.
1045 1650 1076 1692 v.
1096 1644 1132 1710 17
1146 1651 1153 1705 ;
1177 1649 1249 1712 cap.
1265 1631 1330 1695 viii.

211 1739 263 1810 ao,
294 1742 353 1805 per
383 1723 578 1786 “messem”
606 1721 814 1804 significatur
843 1721 998 1785 Ecclesia
1026 1724 1138 1805 quoad
1171 1723 1332 1788 Divinum

211 1818 350 1881 Verum.
409 1815 477 1880 Sed
503 1818 615 1879 omnia
637 1836 725 1899 quae
748 1819 966 1880 continentur
988 1817 1021 1880 in
1048 1818 1099 1880 his
1121 1819 1271 1881 versibus
1296 1821 1332 1882 in

210 1913 276 1976 hoc
296 1912 418 1994 capite,
437 1921 473 1974 et
491 1930 624 1993 quoque
646 1912 679 1972 in
702 1911 788 1974 binis
810 1911 975 1992 capitibus
993 1931 1079 1993 quae
1098 1922 1291 1994 sequuntur,
1311 1934 1332 1976 a

213 2005 362 2070 Domino
388 2001 559 2087 praedidia
584 2014 662 2094 sunt
689 2006 723 2067 in
749 2005 914 2069 Parabola
938 2006 980 2068 de
1007 2004 1204 2068 Seminante
1228 2015 1263 2069 et
1288 2006 1331 2069 de

211 2097 415 2164 coileiiione
438 2098 574 2174 Messis;
587 2120 673 2181 quae
691 2099 767 2182 quia
786 2100 887 2163 docet
906 2109 943 2166 et
960 2098 1107 2162 illustrat
1126 2099 1205 2181 quid
1226 2101 1331 2181 signi·

210 2191 325 2268 ficant,
345 2193 548 2256 adducetur:

257 2339 339 2406 Jcsus
356 2341 431 2398 dixit,
448 2339 564 2390 “Simile
582 2350 622 2390 est
641 2340 764 2404 Regnum
784 2341 926 2391 Caelorum
944 2342 1047 2391 homini
1065 2342 1208 2391 seminanti
1229 2343 1330 2392 bonum

342 2406 439 2456 Semen
452 2407 479 2456 in
491 2421 556 2468 agro
568 2421 626 2466 suo,
640 2407 687 2456 sed
699 2408 774 2456 venit
791 2408 914 2456 inimicus
932 2418 959 2457 et
974 2408 1119 2458 seminavit
1130 2407 1252 2465 Zizania:
1269 2422 1330 2456 eum

341 2471 503 2534 germinavit
525 2471 614 2530 herba,
639 2485 819 2535 apparuerunt
841 2474 923 2522 etiarn
947 2473 1063 2522 Zizania
1100 2473 1175 2523 Servi
1194 2474 1328 2532 dixerunt,

342 2535 425 2586 Visne
437 2537 594 2598 colligamus
609 2552 656 2594 ea:
675 2539 719 2586 ille
731 2554 797 2587 vero
809 2539 884 2596 dixit,
900 2538 941 2587 Ne
958 2537 1027 2587 forte
1044 2538 1200 2600 colligentes
1213 2538 1328 2596 Zizania,

341 2603 481 2652 eradicetis
498 2602 578 2651 simul
591 2603 728 2661 Triticum,
743 2603 822 2653 sinite
840 2619 895 2652 una
911 2618 1029 2654 crescere
1046 2604 1176 2666 usquead
1194 2603 1330 2660 Messem;

341 2677 368 2719 et
386 2677 506 2731 tempore
525 2667 623 2719 Messis
639 2669 725 2720 dicam
745 2669 920 2728 Messoribus,
934 2669 1060 2733 Colligite
1078 2670 1150 2732 ptius
1168 2668 1283 2727 Zizania,
1303 2680 1331 2720 et

342 2734 465 2795 colligate
477 2750 509 2783 ea
521 2734 547 2782 in
560 2734 701 2784 fasciculos
718 2737 752 2785 ad
769 2736 989 2793 comburendum,
1003 2734 1131 2784 Triticum
1144 2750 1208 2783 vero
1220 2750 1331 2799 congre-

341 2810 403 2861 gate
414 2801 441 2848 in
453 2801 577 2848 horreum
592 2798 691 2849 Meum.
730 2800 763 2850 Et
774 2810 942 2850 accessemnt
951 2800 1072 2863 discipuli
1084 2801 1118 2849 ad
1129 2800 1230 2863 Jesum,
1242 2801 1331 2849 dicen-

341 2876 391 2923 tes,
412 2865 523 2928 Expone
541 2866 618 2915 nobis
637 2867 799 2927 parabolam.
835 2865 914 2930 Jesus
932 2866 1005 2923 dixit,
1026 2866 1078 2929 Qui
1095 2866 1211 2916 seminat
1228 2868 1332 2917 bonum

342 2930 438 2980 Semen
457 2942 498 2979 est
517 2930 598 2979 Filius
618 2931 743 2981 Hominis
751 2931 765 2950 '⁹
782 2932 840 2993 (scu
860 2931 1010 2993 Dominus),
1027 2936 1117 2993 “ager
1133 2941 1174 2979 est
1191 2931 1308 2980 mundus
1315 2930 1330 2950 ”

342 2996 488 3057 (Ecclesia),
506 2998 621 3045 “semen
635 3008 697 3046 sunt
710 2996 754 3045 filii
767 2997 843 3059 regni
850 2996 865 3015 ”
874 2995 948 3056 (vera
961 2996 1112 3056 Ecclesiae),
1129 2996 1256 3045 “zizania
1267 3006 1330 3046 sunt

342 3062 387 3111 filii
400 3062 469 3111 illius
482 3062 566 3110 maii''
578 3061 656 3123 (laisa
672 3063 707 3111 ab
726 3062 854 3123 inferno),
872 3064 1020 3111 “inimicus
1032 3062 1076 3125 qui
1093 3062 1209 3110 seminat
1226 3062 1272 3110 illa
1288 3070 1330 3110 est

343 3126 480 3184 Diabolus,
491 3126 589 3175 Messis
598 3136 639 3177 est
650 3126 854 3177 Consummatio
863 3128 961 3176 saeculi
970 3127 983 3145 ’⁵
990 3128 1062 3186 (linis
1073 3126 1224 3188 Ecclesiae),
1231 3128 1248 3149 ‘¹
1259 3126 1331 3175 Mes·

342 3206 416 3241 sores
428 3201 490 3241 sunt
501 3190 598 3254 Angeli
606 3192 620 3211 ”
629 3193 739 3253 (Divina
748 3192 827 3256 Vera)
837 3210 843 3243 :
864 3192 1112 3256 “quemadmodum
1124 3207 1190 3255 ergo
1201 3191 1331 3253 colligun-

342 3267 385 3306 tur
397 3256 512 3313 Zizania,
526 3267 552 3307 et
564 3258 626 3319 igne
638 3260 837 3314 comburuntur,
852 3260 890 3306 sic
902 3258 951 3307 erit
964 3258 991 3306 in
1004 3257 1245 3307 Consummatione
1256 3272 1332 3307 sacc-

341 3323 378 3372 uli
386 3320 399 3341 '¹
412 3322 449 3384 (in
462 3323 515 3372 fine
534 3322 678 3387 Ecclesiae)
690 3323 797 3386 (Marti.
809 3324 865 3373 xiii.
877 3336 966 3383 24-30,
981 3324 1080 3383 36-43).

268 3465 377 3547 646.
402 3472 484 3541 [Vers.
501 3473 553 3541 tn]
579 3464 644 3527 *fr
655 3465 738 3528 mieii
756 3465 873 3529 Sedens
893 3484 989 3545 super·
1001 3465 1080 3528 nuic
1099 3465 1212 3528 inicam
1226 3464 1329 3538 Suum,

208 3560 243 3617 ei
264 3556 409 3617 demessa
434 3558 485 3615 usi
507 3554 631 3626 iereu,”
652 3554 818 3636 significat
836 3555 941 3637 finem
963 3554 1140 3629 Ecclesiae,
1163 3556 1245 3636 quia
1266 3576 1330 3617 non

207 3644 372 3709 Divinum
398 3644 516 3707 Verum
533 3646 677 3726 amplius
696 3646 892 3710 ibi-Haec
912 3646 1152 3729 significantur,
1173 3648 1249 3729 quia
1270 3667 1330 3729 per

209 3737 425 3804 “Sedentem
450 3760 547 3820 super
567 3740 677 3803 nube”
695 3736 905 3822 significatui
926 3741 1091 3803 Dominus
1109 3742 1219 3822 quoad
1241 3740 1328 3805 Ver-

207 3836 288 3897 bum
311 3832 358 3915 (n.
374 3832 473 3914 642);
498 3854 556 3915 per
576 3840 594 3865 ‘⁴
606 3836 740 3898 mittere
757 3835 878 3898 falcem
898 3845 933 3898 et
953 3845 1080 3898 metere
1088 3834 1103 3858 ''
1122 3833 1330 3915 significatur

208 3926 309 3991 linem
328 3928 500 4008 imponere
516 3939 550 3990 et
563 3926 722 4008 judicium
741 3929 849 3992 lacere
870 3928 916 4011 (n.
932 3928 1009 4012 643)
1025 3950 1033 4005 ;
1058 3949 1116 4010 per
1133 3935 1305 3992 “messem
1314 3929 1329 3954 ”

207 4020 418 4103 significatur
436 4031 545 4084 status
565 4021 749 4097 Ecclesiae,
766 4023 818 4085 hic
835 4022 971 4086 ultimus
990 4023 1059 4103 ejus
1078 4022 1124 4105 (n.
1140 4023 1212 4103 643,
1228 4023 1327 4104 645);

208 4126 243 4179 et
263 4136 325 4198 per
345 4120 496 4177 “terram
506 4115 520 4139 ”
539 4115 745 4198 significatur
769 4116 923 4180 Ecclesia
941 4116 987 4199 (n.
1007 4117 1095 4199 285).
1141 4116 1196 4179 Ex
1220 4117 1272 4179 his
1294 4119 1328 4180 in

207 4230 312 4273 unum
340 4229 473 4272 sensum
501 4208 697 4291 conjuniiis,
725 4222 830 4293 patet,
855 4212 944 4293 quod
972 4232 1031 4293 per
1054 4212 1172 4275 “misit
1199 4209 1329 4274 Sedens

208 4324 309 4386 super
328 4304 416 4367 nube
439 4304 570 4379 falcem,
591 4315 625 4367 et
649 4305 803 4368 demessa
826 4316 878 4368 est
902 4306 1013 4369 terra”
1031 4305 1236 4387 significetur
1255 4303 1328 4369 finis

208 4397 396 4471 Ecclesiae,
416 4399 578 4479 quianon
599 4398 756 4462 Divinum
776 4398 904 4463 Verum
923 4400 1065 4483 amplius
1083 4400 1137 4463 ibi.

268 4496 370 4579 ⁶4⁷·
399 4496 464 4558 “fr
483 4497 562 4560 nlriec
575 4496 709 4580 Angelus
729 4498 821 4560 eriri!
839 4518 857 4561 e
876 4498 993 4579 Templo
1007 4499 1088 4580 quod
1105 4498 1136 4559 in
1155 4498 1259 4569 eaelo,
1274 4498 1330 4559 hn-
1385 4553 1391 4566 ,

209 4586 285 4649 iens
295 4586 389 4648 stille
400 4585 512 4648 inlcem
523 4587 684 4659 nauium,''
695 4587 862 4670 significat
878 4587 906 4652 C
906 4587 995 4650 nelos
1006 4588 1119 4667 Regni
1128 4587 1328 4667 spiritualis

206 4676 352 4753 Domini,
372 4687 405 4741 et
421 4678 581 4741 Dire'num
604 4679 723 4743 Verum
747 4679 848 4743 Verbi
861 4680 956 4761 apud
970 4679 1162 4743 illos—Per
1178 4684 1197 4711 ‘⁴
1207 4678 1327 4761 Ange·
