3384 5400
358 657 422 741 850
683 668 929 719 mocsavrsrs
952 667 1162 718 navemn.

358 842 467 925 gloria
484 862 505 905 a
524 861 592 905 non
610 840 709 914 fastu,
728 848 781 903 est
799 840 888 925 apud
908 838 983 902 illos
1002 838 1057 921 qui
1080 839 1113 901 in
1129 836 1277 919 jucundo
1295 856 1413 901 usuum
1432 856 1475 901 ex

357 937 506 1018 genuino
528 956 643 999 amore
665 954 748 1016 erga
770 935 963 1015 proximum
987 943 1085 995 sunt:
1119 932 1253 995 illorum
1276 931 1391 996 lumen
1418 952 1476 996 na·

360 1030 468 1094 turale
493 1039 546 1093 est
576 1048 709 1111 quoque
736 1027 849 1090 lumen
873 1027 1038 1089 rationale
1064 1028 1097 1088 in
1125 1046 1191 1109 quo
1218 1026 1308 1089 intus
1334 1036 1387 1089 est
1418 1027 1477 1090 lux

359 1124 538 1208 spiritualis
561 1145 581 1187 a
604 1123 773 1199 Domino;
804 1121 913 1203 gloria
936 1120 1025 1203 apud
1051 1120 1127 1183 illos
1150 1130 1203 1184 est
1230 1141 1274 1183 ex
1298 1119 1478 1203 splendore

358 1218 442 1282 lucis
460 1218 628 1281 influentis
646 1237 691 1280 ex
707 1214 813 1280 Caelo
829 1215 884 1278 ubi
903 1216 1016 1279 omnia
1032 1214 1210 1296 splendida
1229 1224 1264 1278 et
1283 1214 1479 1277 harmonica

358 1322 448 1387 sunt,
467 1332 587 1376 omnes
604 1312 694 1374 enim
718 1331 796 1373 usus
818 1312 852 1373 in
871 1308 976 1374 Caelo
999 1310 1201 1391 splendent;
1224 1330 1269 1372 ex
1288 1309 1340 1372 his
1361 1329 1477 1373 amoe-

358 1410 447 1471 nitas
464 1408 498 1469 in
517 1406 763 1487 cogitationum
782 1405 866 1468 ideis
886 1404 973 1486 apud
998 1404 1074 1467 illos
1094 1404 1275 1486 percipitur
1293 1413 1330 1467 ut
1350 1403 1477 1485 gloria;

358 1504 461 1565 intrat
485 1521 544 1583 per
561 1498 774 1562 voluntatem
798 1509 833 1563 et
857 1498 926 1580 ejus
946 1499 1035 1561 bona
1058 1499 1091 1561 in
1114 1496 1325 1561 intellectum
1348 1509 1385 1562 et
1409 1498 1478 1581 ejus

358 1617 448 1671 vera,
467 1605 503 1661 et
521 1597 555 1658 in
573 1594 626 1657 his
643 1595 781 1659 sistitur.

418 1703 516 1771 941.
541 1685 600 1749 'fr
611 1686 828 1769 reprobantia
839 1684 1357 1767 suocvlusuooulorvm.''—Quod
1373 1686 1477 1767 signi·

358 1778 437 1844 ficet
459 1780 549 1863 quod
566 1790 663 1844 erunt
687 1779 722 1842 in
743 1778 858 1859 Regno
879 1778 1023 1853 Domini,
1046 1788 1078 1841 et
1106 1778 1140 1841 in
1169 1779 1387 1862 coronacione
1407 1800 1479 1843 cum

358 1875 437 1957 Ipso
454 1874 490 1939 in
507 1885 685 1949 aeternum,
705 1883 841 1937 constat
866 1893 910 1936 ex
934 1873 999 1936 illis
1017 1892 1103 1955 quae
1122 1892 1221 1954 supra
1246 1870 1292 1953 (n.
1312 1874 1384 1952 284,
1404 1875 1477 1955 849,

359 1969 435 2052 855)
456 1970 629 2051 explicata
646 1979 736 2044 sunt,
757 1969 812 2031 ubi
830 1968 960 2031 similia.

419 2081 518 2149 942.
543 2076 679 2144 [Vm]
705 2063 770 2126 'tr
794 2064 871 2126 rim
895 2062 975 2137 miii,
997 2063 1081 2125 liaeo
1103 2062 1194 2126 vario
1218 2062 1282 2125 nra
1308 2068 1343 2126 et
1369 2065 1478 2137 nm?

359 2157 525 2240 significat
544 2158 634 2239 quod
651 2156 730 2219 haec
742 2165 811 2238 pro
831 2157 1050 2231 corrosorum,
1071 2156 1149 2237 quia
1167 2156 1246 2237 Ipse
1261 2156 1424 2221 Dominus
1442 2157 1482 2220 id

358 2262 499 2317 testatus
517 2250 616 2327 dixit,
636 2260 772 2314 constat
792 2252 896 2314 etiam
919 2270 963 2315 ex
987 2270 1087 2332 supra
1109 2250 1290 2332 explicatis
1315 2248 1362 2333 (n.
1387 2250 1476 2334 886),

358 2348 414 2411 ubi
432 2344 562 2409 similia.

417 2454 520 2521 943.
548 2438 613 2499 “tr
630 2434 772 2499 Dominus
790 2436 873 2500 vous
892 2444 1070 2500 sauciorum
1088 2436 1304 2517 Prophetarum
1322 2436 1405 2500 misit
1419 2438 1478 2502 du·

356 2531 460 2612 osium
473 2529 566 2592 Suum
579 2528 622 2589 ud
632 2529 860 2590 monstrandum
873 2528 973 2590 servir
986 2528 1056 2591 Suis
1070 2548 1149 2611 quoe
1161 2532 1281 2609 ommi
1295 2527 1371 2590 {ieri
1381 2528 1477 2601 cito”

358 2619 526 2704 significat
544 2619 635 2703 quod
647 2618 820 2695 Dominus,
835 2641 879 2682 ex
898 2618 966 2698 Quo
984 2630 1034 2683 est
1056 2620 1196 2685 Verbum
1211 2620 1384 2704 utriusque
1397 2620 1476 2685 Foe-

358 2717 459 2790 deris‚
471 2725 535 2798 per
551 2714 687 2779 Caelum
701 2715 900 2778 revelaverit
915 2715 994 2788 illis,
1008 2717 1068 2799 qui
1080 2717 1115 2780 in
1132 2715 1222 2780 veris
1236 2737 1279 2779 ex
1292 2715 1373 2796 Ipso
1387 2727 1474 2792 sunt,

358 2810 420 2874 illa
441 2832 525 2893 quae
551 2820 636 2872 certe
654 2809 781 2889 sutura
802 2811 1131 2875 sunt—“Dominus
1162 2803 1268 2874 Deus'
1284 2808 1476 2875 sanuomm

359 2905 602 2988 Prophetarum
610 2903 625 2929 '⁸
637 2902 804 2985 significat
822 2905 1003 2969 Dominum
1016 2927 1060 2969 ex
1075 2905 1153 2988 Quo
1165 2916 1217 2969 est
1231 2904 1382 2969 Verbum
1396 2906 1476 2969 utri·

358 3019 463 3081 usque
494 2998 664 3074 Foederis‚
693 3019 752 3081 per
780 2999 1015 3081 “prophetas''
1042 3001 1131 3064 enim
1161 2999 1392 3081 significantur
1421 3003 1477 3083 qui

359 3095 486 3156 docent
503 3113 583 3156 vera
601 3113 646 3156 ex
666 3091 793 3168 Verbo,
813 3104 849 3156 et
872 3096 905 3156 in
924 3115 1024 3158 sensu
1043 3093 1216 3158 abstracto
1235 3092 1389 3158 doctrina
1407 3097 1476 3159 veri

359 3187 533 3252 Ecclesiae
555 3185 601 3268 (n.
621 3187 651 3261 8,
675 3185 760 3269 173),
779 3198 815 3251 et
837 3189 871 3251 in
896 3189 966 3253 lato
989 3209 1089 3252 sensu
1111 3191 1219 3271 ipsum
1239 3188 1411 3268 Verbum;
1441 3201 1476 3254 et

359 3284 436 3365 quia
462 3281 614 3345 Verbum
644 3302 703 3364 per
731 3279 898 3346 “sanctos
925 3284 1130 3366 prophetas”
1156 3283 1373 3365 significatur,
1399 3285 1476 3349 ideo

359 3396 418 3458 per
443 3375 521 3438 illos
544 3374 752 3457 significatur
774 3376 927 3440 Verbum
951 3378 1121 3460 utriusque
1145 3377 1325 3456 Foederis;
1357 3379 1475 3443 “misit

360 3470 534 3552 Angelum
560 3471 604 3534 ad
628 3473 888 3535 monstrandum
907 3475 1011 3536 servis
1034 3472 1109 3538 Suis
1132 3493 1218 3556 quae
1243 3483 1380 3555 oportet
1407 3475 1476 3540 lieri

359 3567 428 3629 cito
436 3565 451 3589 ”
470 3564 636 3646 significat
655 3566 745 3648 quod
766 3567 931 3630 Dominus
950 3568 1160 3642 revelaverit,
1180 3568 1244 3631 illis
1263 3570 1318 3651 qui
1338 3570 1371 3632 in
1390 3573 1476 3634 veris

359 3679 404 3722 ex
424 3658 503 3742 Ipso
520 3670 610 3735 sunt,
629 3660 688 3723 illa
706 3681 792 3742 quae
811 3670 904 3724 certe
923 3662 1031 3725 lutura
1050 3671 1148 3739 sunt;
1171 3682 1231 3744 per
1250 3663 1476 3745 “Angelum''

358 3753 411 3817 hic
434 3753 642 3835 significatur
664 3752 815 3830 Caelum,
839 3766 877 3818 ut
900 3776 997 3839 supra
1023 3755 1069 3838 (n.
1095 3756 1135 3838 5l¹¹
1150 3755 1219 3838 65ῐ,’1
1230 3756 1303 3836 644,
1317 3757 1391 3838 647,
1404 3759 1478 3838 648,

358 3847 458 3930 910);
493 3867 553 3930 per
577 3849 744 3913 “servos’'
767 3850 1000 3931 significantur
1026 3853 1081 3933 qui
1108 3853 1140 3914 in
1168 3853 1255 3915 veris
1281 3871 1301 3914 a
1327 3851 1476 3916 Domino

359 3953 438 4006 sunt
460 3941 506 4024 (n.
526 3959 556 4023 3,
574 3944 645 4022 380,
664 3941 764 4025 937);
795 3965 855 4026 per
875 3945 994 4008 “cito”
1012 3945 1220 4026 significatur
1237 3955 1331 4010 certe
1354 3945 1402 4028 (n.
1418 3947 1476 4028 4);

359 4036 437 4099 inde
460 4057 519 4118 per
543 4043 657 4119 “quae
679 4047 816 4119 oportet
838 4037 908 4101 fieri
931 4039 1023 4103 cito”
1046 4039 1252 4122 significatur
1275 4060 1360 4122 quae
1384 4052 1476 4105 certe

359 4129 468 4193 futura
480 4140 568 4194 sunt.
615 4128 717 4212 Quod
730 4152 789 4213 per
802 4137 822 4164 “
832 4133 1006 4215 Angelum
1015 4134 1030 4160 ”
1042 4135 1095 4197 hic
1108 4133 1315 4216 significetur
1324 4133 1476 4211 Caelum,

360 4233 413 4287 est
435 4227 513 4306 quia
535 4225 702 4290 Dominus
728 4246 787 4308 per
809 4225 949 4292 Caelum
973 4229 1106 4292 locutus
1132 4238 1186 4292 est
1212 4248 1288 4292 cum
1309 4229 1476 4310 Johanne‚

359 4328 394 4379 et
417 4338 550 4401 quoque
572 4339 632 4401 per
654 4318 794 4383 Caelum
817 4320 950 4386 locutus
972 4332 1026 4386 est
1049 4342 1125 4386 cum
1148 4323 1335 4406 Prophetis,
1359 4333 1396 4388 et
1419 4344 1477 4406 per

360 4410 497 4474 Caelum
514 4413 661 4495 loquitur
679 4433 755 4478 cum
778 4417 964 4498 unoquovis
986 4436 1063 4481 cum
1085 4438 1153 4500 quo
1176 4416 1343 4500 loquitur:
1375 4437 1477 4482 causa

359 4515 412 4567 est
442 4507 518 4588 quia
544 4507 684 4571 Caelum
710 4508 902 4590 angelicum
933 4511 966 4575 in
997 4511 1166 4575 communi
1195 4521 1249 4576 est
1279 4513 1365 4576 sicut
1393 4533 1476 4576 unus

361 4598 485 4676 Homo,
502 4600 594 4683 cujus
609 4603 721 4668 anima
735 4614 770 4669 et
786 4605 857 4668 vita
873 4615 926 4669 est
943 4603 1128 4685 Dominus;
1150 4625 1253 4691 quare
1268 4626 1370 4671 omne
1386 4607 1476 4693 quod
