3384 5400
702 690 782 744 cur.
802 690 896 743 xx11.
1297 678 1357 760 835

293 886 347 936 10.
382 862 431 936 Et
463 861 548 936 dicit
577 861 675 947 mihi,
707 862 767 936 Ne
798 862 971 961 obsignes
1001 863 1113 937 verba
1142 860 1358 960 prophetiae

241 976 338 1050 Libri
355 977 474 1075 hujus,
492 974 578 1074 quia
595 992 739 1074 tempus
755 1002 872 1074 prope
890 991 958 1051 est.

292 1125 346 1174 11.
384 1103 543 1199 lnjustus
557 1101 708 1200 injustus
721 1101 783 1175 fiat
795 1101 926 1185 adhuc,
940 1117 977 1174 et
990 1099 1157 1175 sordidus
1170 1099 1359 1175 sordescat

238 1216 368 1301 adhuc,
386 1232 425 1290 et
441 1218 561 1315 justus
579 1215 798 1315 justificetur
820 1216 948 1300 adhuc,
967 1230 1005 1290 et
1027 1212 1177 1289 sanclus
1198 1213 1356 1289 sanctifi-

238 1346 338 1404 cetur
354 1331 482 1405 adhuc

291 1470 345 1520 12.
382 1447 430 1520 Et
460 1472 544 1521 ecce
571 1447 681 1521 venio
706 1446 787 1530 cito,
814 1461 853 1521 et
882 1471 1022 1519 merces
1050 1446 1139 1519 Mea
1165 1472 1247 1520 cum
1280 1448 1356 1530 Me,

237 1560 393 1635 reddens
411 1562 605 1658 unicuique
622 1562 714 1635 sicut
731 1587 824 1658 opus
841 1563 920 1660 ejus
937 1562 1015 1635 erit.
1178 1558 1182 1567 ’

291 1699 345 1768 13·
381 1676 464 1774 Ego
487 1703 567 1749 sum
591 1676 716 1773 Alpha
738 1692 776 1751 et
802 1676 960 1774 Omega,
987 1676 1206 1773 Principium
1232 1691 1271 1751 et
1296 1677 1355 1751 Fi-

237 1788 302 1872 nis,
321 1790 463 1864 Primus
481 1807 519 1865 et
539 1790 709 1865 Ultimus.
1458 1784 1464 1797 ’

290 1928 345 1996 14.
382 1904 483 1980 Beati
509 1905 682 1980 facientes
707 1904 880 1979 mandata
906 1904 1034 2002 Ipsius,
1052 1920 1093 1978 ut
1117 1906 1164 1979 sit
1190 1921 1355 2004 potestas

237 2018 375 2094 illorum
397 2021 433 2094 in
454 2021 602 2095 Arbore
626 2022 733 2105 vitae,
752 2036 790 2095 et
812 2020 927 2119 portis
951 2020 1200 2119 ingrediantur
1224 2021 1261 2094 in
1281 2020 1353 2095 Ur-

236 2134 333 2208 bem.

291 2250 346 2323 15.
381 2249 486 2323 Foris
503 2275 592 2323 vero
609 2274 728 2333 canes,
742 2264 780 2324 et
797 2250 1052 2333 incantatores,
1071 2264 1110 2323 et
1126 2264 1354 2335 scortatores,

236 2378 274 2436 et
299 2362 509 2448 homicidae,
528 2378 566 2437 et
584 2363 804 2448 idololatrae,
821 2380 861 2439 et
878 2364 997 2438 omnis
1013 2390 1139 2438 amans
1156 2379 1196 2437 et
1221 2362 1355 2438 faciens

236 2477 479 2569 mendacium.

291 2595 345 2664 16.
381 2591 463 2689 Ego
487 2592 593 2690 Jesus
619 2591 700 2666 misi
727 2592 914 2692 Angelum
942 2592 1071 2667 Meum
1097 2593 1222 2667 testari
1248 2593 1354 2667 vobis

236 2704 324 2780 haec
347 2707 383 2779 in
402 2705 592 2812 Ecclesiisj
630 2706 713 2806 Ego
735 2733 818 2782 sum
837 2708 958 2782 Radix
981 2723 1020 2783 et
1042 2707 1171 2783 Genus
1189 2707 1352 2792 Davidis,

237 2819 349 2895 Stella
366 2820 557 2917 splendida
573 2836 612 2894 et
628 2821 818 2896 matutina

288 2963 343 3035 17.
380 2944 428 3018 Et
446 2944 602 3041 Spiritus
620 2960 658 3019 et
684 2945 831 3043 Sponsa
849 2945 981 3030 dicunt,
1000 2945 1118 3029 Venit
1145 2962 1185 3020 et
1200 2946 1353 3021 audiens

236 3058 332 3134 dicat
349 3057 458 3144 Veni,
476 3075 515 3133 et
536 3060 661 3133 sitiens
678 3060 813 3145 veniat,
831 3075 871 3144 et
893 3059 1021 3134 volens
1044 3061 1198 3158 accipiat
1220 3087 1352 3159 aquam

235 3175 330 3248 vitae
346 3175 469 3272 gratis.

288 3291 343 3362 18.
374 3288 573 3362 Contestor
589 3288 687 3362 enim
705 3289 806 3363 omni
823 3287 984 3363 audienti
1003 3289 1117 3363 verba
1133 3287 1351 3386 prophetiae

237 3401 334 3476 Libri
363 3402 479 3500 hujus,
509 3401 549 3476 Si
579 3402 661 3499 quis
690 3401 869 3477 addiderit
895 3403 942 3476 ad
973 3403 1072 3486 haec,
1102 3403 1215 3478 addet
1247 3404 1351 3477 Deus

183 3580 187 3589 .
233 3542 345 3614 super
361 3515 459 3589 illum
476 3515 601 3615 plagas
618 3517 768 3614 scriptas
789 3517 825 3590 in
845 3516 955 3591 Libro
973 3517 1051 3591 hoc.

289 3655 343 3722 19.
379 3629 428 3703 Et
452 3631 482 3704 si
507 3631 589 3728 quis
612 3630 802 3705 abstulerit
824 3658 846 3705 e
871 3632 990 3705 verbis
1014 3631 1114 3706 Libri
1137 3630 1350 3729 prophetiae

233 3745 349 3845 hujus,
370 3743 512 3818 auseret
535 3744 640 3818 Deus
660 3760 799 3841 partem
823 3746 902 3844 ejus
926 3771 947 3819 e
973 3745 1084 3820 Libro
1108 3747 1216 3830 vitae,
1241 3763 1279 3821 et
1302 3772 1349 3820 ex

236 3859 339 3934 Urbe
355 3855 493 3942 sancia,
511 3874 550 3932 et
565 3859 704 3964 scriptis
722 3859 758 3932 in
779 3860 889 3934 Libro
907 3860 987 3934 hoc.

285 3996 342 4047 20.
378 3971 477 4046 Dicit
501 3972 658 4047 Testans
688 3971 790 4058 haec,
819 3974 940 4048 Etiam
969 3975 1078 4050 venio
1107 3974 1199 4060 cit0;
1230 4000 1348 4050 amen.

234 4085 352 4160 Etiam
371 4086 467 4170 veni,
488 4085 649 4160 Domine
664 4087 762 4186 Jesu.

284 4333 341 4383 21.
375 4309 521 4384 Germ
548 4310 696 4386 Dounu
722 4335 852 4387 uosrm
875 4313 964 4412 Jmu
989 4315 1142 4390 C1111s11
1170 4339 1249 4392 cunr
1277 4339 1347 4391 011·

233 4445 340 4500 ursus
363 4445 479 4508 voms,
496 4425 624 4500 Auen.
