3384 5400
510 678 590 727 CAP.
608 678 990 748 XIX.-MEMORABILE.

188 854 224 911 et
243 846 334 930 apud
352 844 561 921 Jeremom:

1246 682 1310 751 741

239 997 257 1021 ‘⁸
266 996 315 1047 Sta
326 997 353 1045 in
366 1006 445 1060 porta
457 996 562 1047 Domus
572 996 701 1063 jehovae,
715 1009 743 1049 et
759 999 896 1062 proclama
908 1000 944 1049 ibi
955 1001 1066 1050 verbum
1079 1000 1144 1051 hoc:
1170 1000 1211 1051 Ne
1228 1002 1312 1051 confi·

320 1063 375 1112 dite
389 1077 471 1126 super
482 1064 571 1113 verbis
580 1065 720 1125 mendacii,
733 1065 856 1124 dicendo,
871 1066 1012 1129 Templum
1024 1065 1153 1130 jehovae,
1167 1066 1310 1130 Templum

318 1127 447 1192 jehovae,
462 1128 604 1191 Templum
616 1127 735 1194 Jehovae
753 1130 812 1179 illi’'
826 1130 957 1192 (Ecclesia
975 1130 1034 1191 Dei,
1050 1130 1169 1181 Ecclesia
1187 1131 1246 1190 Dei,
1262 1132 1311 1183 Ec-

319 1194 403 1243 clesia
412 1194 471 1253 Dei.
482 1194 526 1243 ubi
534 1194 599 1245 fides
607 1195 720 1257 nostra);
735 1198 824 1245 “uum
833 1196 957 1254 iurando,
968 1197 1123 1254 occidendo,
1135 1198 1311 1247 adulterando

319 1257 473 1374 effl'uraqdo
485 1275 533 1323 per
544 1261 993 1377 mendacium..deaedqqreuletishqt
1004 1262 1209 1378 smbiqsdqorqm
1220 1262 1310 1389 geg?

366 1340 411 1374 mo
446 1340 485 1384 ac,
500 1339 580 1388 super
592 1341 767 1390 quanomma
796 1342 811 1376 r
855 1341 935 1377 omen
984 1340 1083 1385 eume
1125 1342 1200 1377 icens
1242 1342 1270 1377 re
1303 1352 1311 1377 l

319 1404 422 1448 sumus.
435 1391 500 1440 dum
518 1392 605 1440 tacitis
616 1393 833 1442 abominationes
850 1393 925 1451 lllas;
947 1406 1013 1442 uum
1031 1394 1159 1455 spelunca
1176 1393 1311 1443 latronum

318 1452 392 1506 rath
402 1467 444 1505 est
457 1456 560 1506 Domus
571 1458 654 1508 haec:
674 1458 755 1509 etiam
768 1456 826 1521 Ego
837 1472 899 1507 ecce
911 1458 974 1517 vidi,
988 1456 1089 1509 didlum
1100 1458 1220 1523 Jebovae
1228 1457 1242 1478 '¹
1255 1458 1309 1521 (vii.

320 1522 472 1585 coen>-

186 1814 291 1897 83⁹·
322 1812 402 1897 [His
421 1814 574 1897 adjiciam
593 1815 657 1879 hoc
678 1816 938 1880 Memoriana
949 1812 1032 1907 ;-]ι

236 1984 382 2056 Prospexi
409 1986 439 2040 in
465 1985 613 2041 Mundum
638 1986 723 2058 spiri-

186 2079 284 2130 tuum,
306 2076 337 2122 et
358 2066 420 2121 vidi
445 2069 607 2123 exercitum
633 2083 724 2137 super

186 2149 274 2220 equis
292 2147 365 2203 rufis
382 2158 413 2203 et
431 2148 532 2219 nigris,
577 2148 722 2203 Sedentes

186 2245 279 2299 super
298 2228 356 2284 illis
379 2230 562 2299 apparebant
585 2230 663 2284 sicut
684 2229 724 2284 si-

187 2310 275 2371 miae.
282 2325 385 2363 versae
393 2310 492 2379 quoad
503 2308 607 2364 faciem
617 2319 647 2364 et
656 2326 723 2379 pec-

186 2390 722 2461 tusadlumbosetcaudasequorum.

187 2484 220 2525 et
238 2472 340 2541 quoad
361 2471 534 2541 occipitium
555 2481 586 2525 et
605 2482 723 2542 tergum

187 2552 226 2606 ad
251 2551 382 2606 cervices
412 2562 443 2606 et
470 2552 569 2621 capita
595 2552 723 2615 illorum,

187 2644 219 2688 et
249 2632 379 2703 capistra
408 2632 580 2703 pendebant
612 2633 722 2687 circum

187 2713 481 2784 collaequitantium.
503 2713 540 2767 Et
547 2714 723 2776 clamabant,

188 2794 723 2866 “Pugnemusoontraequitantessu-

187 2892 242 2947 per
261 2875 347 2946 equis
371 2874 477 2935 albis;”
508 2886 538 2929 et
564 2877 724 2930 movebant

187 2957 323 3027 utrisque
345 2957 481 3010 manibus
502 2955 564 3010 suis
581 2956 723 3026 capistra:

187 3037 230 3092 sic
249 3036 440 3091 retrahebant
458 3052 552 3106 equos
570 3053 588 3091 a
610 3051 724 3107 pugna:

188 3129 220 3172 et
232 3117 290 3172 ltoc
303 3117 453 3172 continue.

224 3197 310 3252 Tunc
331 3215 348 3253 e
370 3196 462 3253 Caelo
484 3197 668 3253 demiserunt
691 3215 723 3253 sc

188 3281 250 3334 duo
270 3279 376 3350 angeli,
394 3289 426 3333 et
445 3279 724 3349 appropinquabant

188 3361 226 3415 ad
237 3375 294 3420 me,
302 3369 334 3413 et
343 3359 489 3420 dicebant.
500 3357 601 3430 “Quid
613 3359 724 3414 vides.¹'

226 3439 264 3495 Et
277 3439 430 3494 narrabam
441 3438 522 3508 quod
532 3438 650 3492 videam
661 3449 722 3493 tam

188 3522 335 3576 ludicrum
354 3520 529 3590 equitatum,
544 3529 574 3574 et
590 3519 723 3589 quaesivi

189 3609 205 3631 ⁴⁴
212 3599 293 3674 Quid
308 3600 373 3661 hoc,
387 3610 417 3654 et
430 3599 551 3670 quinam
566 3599 634 3654 illi.”

226 3681 264 3737 Et
273 3681 491 3750 responderunt
500 3679 724 3752 Angeli,“Sunt

188 3779 205 3819 e
223 3763 292 3817 loco
305 3762 355 3832 qui
368 3772 494 3816 vocatur
509 3761 722 3832 Armageddon

190 3844 291 3913 (Aput.
300 3858 364 3912 cap.
374 3842 432 3896 xvi.
445 3841 498 3909 16),
509 3841 539 3894 in
550 3858 639 3912 quem
652 3858 725 3896 con·

189 3923 303 3996 gregati
316 3922 437 3977 luerunt
449 3923 487 3977 ad
498 3921 613 3993 aliquot
623 3922 723 3984 millia,

189 4005 225 4059 ad
240 4004 434 4075 pugnandum
446 4014 552 4058 contra
565 4003 630 4058 illos
643 4003 694 4074 qui
707 4020 724 4058 e

778 1986 991 2058 loquebantur
1009 1988 1049 2041 ibi
1062 2004 1114 2044 ore
1126 1998 1157 2043 et
1175 1988 1261 2044 labiis
1274 1990 1313 2045 de

777 2068 833 2121 hac
852 2077 882 2122 et
901 2070 938 2123 de
958 2068 1015 2130 illa,
1034 2070 1148 2123 seder
1161 2084 1258 2131 causa,
1278 2080 1312 2123 ut

777 2163 830 2219 per
843 2148 907 2203 illas
920 2149 1153 2204 dominarentur.
1192 2149 1311 2205 Didice-

777 2238 846 2284 runt
860 2230 1056 2301 injuventute
1068 2230 1244 2285 confirmare
1258 2229 1313 2285 So·

777 2309 835 2364 lam
860 2309 972 2373 Fidem,
993 2310 1169 2366 Trinitatem
1194 2310 1311 2373 Daiei

778 2390 960 2445 Dualltatem
975 2390 1101 2451 Christl;
1120 2393 1173 2446 sed
1191 2394 1309 2448 eumad

776 2471 974 2526 eminentiora
997 2470 1095 2526 officia
1123 2472 1153 2525 in
1181 2472 1313 2528 Ecclesia

777 2550 1314 2623 provessisuntaliquamdiuretinue-

777 2642 848 2686 runt
861 2632 923 2694 illa:
941 2641 973 2688 at
984 2633 1054 2704 quia
1066 2644 1138 2687 tunc
1150 2646 1311 2705 caeperunt

777 2730 837 2768 non
852 2714 945 2785 magis
954 2715 1087 2786 cogitare
1100 2715 1137 2769 de
1153 2715 1217 2770 Deo
1230 2726 1261 2770 et
1274 2717 1312 2772 de

777 2793 877 2857 Caelo,
897 2796 949 2849 sed
972 2797 1009 2849 de
1031 2811 1063 2849 se
1082 2805 1113 2849 et
1131 2796 1169 2850 de
1188 2797 1311 2858 mundo,

778 2876 820 2930 ita
836 2877 948 2930 nonde
966 2875 1152 2930 beatitudine
1171 2887 1201 2930 et
1220 2875 1312 2932 leliciss

777 2966 840 3010 tate
851 2965 978 3017 aeterna.
990 2957 1042 3010 sed
1057 2957 1094 3011 de
1107 2956 1270 3012 eminentia
1282 2963 1313 3012 et

777 3037 932 3107 opulentia
956 3036 1122 3106 temporali,
1146 3037 1312 3107 rejecerunt

777 3115 953 3172 dodirinalia
971 3117 1001 3170 in
1014 3117 1172 3186 juventute
1187 3116 1313 3172 attradla

777 3214 794 3252 e
816 3197 925 3252 mentis
947 3197 1099 3252 rationalis
1124 3198 1313 3253 interioribus

777 3295 854 3349 quae
878 3277 1102 3334 communicant
1126 3294 1195 3332 cum
1221 3277 1313 3334 Caelo

776 3369 808 3413 et
834 3359 902 3412 inde
929 3359 957 3412 in
983 3359 1049 3413 luce
1074 3357 1155 3414 Caeli
1182 3370 1259 3419 sunt.
1283 3359 1312 3412 in

777 3439 887 3494 mentis
905 3440 1058 3494 rationalis
1076 3440 1223 3494 exteriora
1236 3455 1312 3511 quae

776 3509 999 3574 communicant
1030 3535 1099 3573 cum
1134 3519 1247 3573 mundo
1281 3531 1311 3575 et

777 3601 846 3655 inde
859 3600 955 3654 solum
975 3600 1005 3654 in
1024 3599 1090 3654 luce
1110 3600 1213 3654 mundi
1230 3611 1313 3662 sunt:

776 3691 807 3736 et
831 3681 952 3736 tandem
978 3681 1169 3735 detruserunt
1201 3681 1251 3735 illa
1282 3683 1310 3734 ln

777 3762 910 3817 naturale
925 3762 1075 3822 sensuale;
1094 3762 1173 3816 unde
1195 3759 1312 3815 Dot‘lri-

778 3843 856 3896 nalia
878 3841 1026 3897 Ecclesiae
1046 3842 1124 3911 apud
1149 3842 1215 3896 illos
1236 3839 1313 3896 iafla

777 3933 848 3977 sunt
866 3923 958 3977 solius
974 3923 1042 3983 oris,
1056 3933 1087 3976 et
1106 3937 1165 3976 non
1185 3923 1313 3991 amplius

777 4003 969 4074 cogitationis
981 4019 1019 4058 ex
1032 4003 1154 4064 ratione,
1168 4013 1199 4058 et
1214 4002 1313 4057 adhuc

191 4083 277 4139 Nova
291 4083 412 4138 Domini
431 4083 570 4145 Ecclesia,
584 4100 659 4153 quae
672 4101 725 4138 vo-
778 4082 876 4138 minus
889 4081 1055 4138 afledlionis
1074 4099 1110 4138 ex
1128 4099 1236 4138 amore.
1276 4081 1313 4136 Et

190 4175 275 4218 eatur
295 4162 383 4218 Nova
407 4162 624 4234 Hierosolyma,
646 4175 725 4220 sunt„
777 4165 848 4234 quia
867 4179 898 4220 se
918 4163 993 4218 tales
1016 4163 1158 4224 lecerunt,
1180 4179 1239 4217 non
1261 4163 1313 4216 ad·

192 4243 404 4315 Loquebantur
417 4243 445 4297 in
464 4244 533 4298 loco
553 4244 603 4298 illo
616 4245 654 4299 de
671 4243 725 4299 Ec·
778 4244 903 4298 mittunt
921 4244 1013 4298 ullum
1033 4245 1195 4314 genuinum
1209 4259 1312 4297 verum

191 4325 318 4380 clesiaet
328 4322 637 4395 Religione,ettamen
645 4326 723 4395 apud
777 4325 859 4396 quod
887 4325 1034 4380 Ecclesiae
1059 4335 1112 4385 est.
1139 4341 1194 4378 nec
1219 4325 1311 4378 ullum

193 4406 257 4461 illos
273 4421 333 4460 non
353 4416 416 4459 erat
434 4404 546 4476 aliquid
569 4404 724 4468 Ecclesiae,
777 4405 940 4477 genuinum
949 4405 1146 4476 bonumquod
1155 4406 1313 4476 religionis.

191 4487 261 4556 quia
280 4501 341 4540 non
362 4485 483 4555 aliquod
504 4485 655 4556 spirituale
673 4503 724 4541 ve·
778 4485 989 4556 Comparative
1002 4483 1158 4540 factasunt
1172 4485 1313 4543 interiora

191 4583 264 4629 rum,
278 4583 333 4622 nec
344 4564 457 4637 aliquid
477 4565 642 4641 Religionis
655 4567 726 4637 quia
779 4568 888 4622 mentis
901 4583 1005 4623 eorum
1024 4567 1101 4622 sicut
1116 4578 1196 4621 utres
1209 4567 1312 4636 repleti

193 4664 252 4702 non
276 4647 399 4717 aliquod
424 4645 577 4717 spirituale
603 4647 724 4703 bonum.
778 4647 920 4704 ramentis
939 4647 1007 4704 lerri
1025 4663 1093 4702 cum
1116 4647 1235 4718 pulvere
1255 4648 1313 4703 sul·
