3384 5400
378 735 443 820 ⁶⁵0
700 749 950 804 nrocn111s1s
972 751 1185 804 naumann.

430 941 464 1009 9.
501 918 550 993 Et
569 919 762 995 deflebunt
780 920 890 1006 illam,
908 939 947 996 et
967 921 1146 1021 plangent
1166 949 1277 1021 super
1288 921 1354 998 illa
1375 923 1506 1022 Reges

379 1049 512 1118 terrae,
537 1035 599 1132 qui
626 1061 709 1108 cum
735 1035 795 1110 illa
817 1037 968 1111 scortati
991 1054 1078 1111 sunt
1100 1054 1139 1112 et
1161 1038 1329 1122 deliciati,
1352 1040 1507 1135 quando

380 1147 540 1221 viderint
556 1148 696 1223 sumum
714 1151 978 1224 combustionis
996 1151 1095 1249 ejus;

435 1297 489 1348 10.
526 1274 559 1346 E
579 1274 785 1374 longinquo
802 1293 945 1351 stantes
966 1294 1118 1374 propter
1135 1277 1306 1351 timorem
1323 1277 1506 1351 cruciatus

379 1390 470 1488 ejus,
488 1389 665 1475 dicentes,
680 1389 774 1475 Vae,
789 1417 870 1473 vae.
885 1392 972 1465 urbs
991 1391 1051 1466 illa
1068 1416 1204 1490 magna
1222 1391 1401 1488 Babylon,
1415 1395 1505 1465 urbs

380 1507 440 1580 illa
457 1505 588 1590 valida,
606 1506 693 1604 quia
709 1506 745 1579 in
765 1531 838 1580 una
856 1506 948 1581 hora
965 1507 1066 1581 venit
1077 1507 1253 1606 judicium
1271 1523 1386 1580 tuum.

435 1645 489 1694 11.
526 1621 574 1694 Et
592 1635 816 1695 mercatores
833 1637 955 1695 terrae
977 1621 1118 1695 flebunt
1135 1638 1175 1695 et
1193 1620 1375 1720 lugebunt
1390 1647 1506 1719 super

379 1735 450 1819 illa,
469 1735 570 1833 quod
588 1761 729 1809 merces
747 1761 877 1809 eorum
896 1761 1009 1809 nemo
1025 1751 1125 1809 emat
1142 1735 1319 1833 amplius:

435 1885 489 1934 12.
526 1861 672 1934 Merces
686 1860 764 1935 auri
778 1875 817 1934 et
829 1861 973 1959 argenti
987 1876 1026 1934 et
1039 1859 1169 1957 lapidis
1183 1860 1334 1958 pretiosi
1352 1876 1390 1935 et
1406 1886 1501 1934 mar-

378 1975 533 2074 garitae,
559 1991 599 2048 et
625 1974 725 2072 byssi
754 1991 792 2049 et
819 1999 1002 2072 purpurae
1030 1991 1068 2048 et
1093 1975 1199 2049 serici
1225 1991 1265 2050 et
1289 1975 1437 2058 coccini,
1463 1992 1502 2048 et

379 2091 492 2164 omne
510 2089 650 2188 lignum
665 2090 833 2186 thyinum
849 2106 887 2163 et
899 2115 1011 2164 omne
1025 2115 1090 2163 vas
1106 2091 1319 2173 eburneum,
1333 2106 1373 2164 et
1388 2115 1500 2164 omne

379 2229 446 2278 vas
464 2229 512 2279 ex
529 2204 631 2304 ligno
650 2205 812 2302 pretioso
830 2220 869 2278 et
886 2230 971 2278 aere
990 2221 1029 2279 et
1045 2203 1142 2278 ferro
1159 2220 1197 2278 et
1214 2229 1417 2288 marmore;

384 2341 391 2352 '
435 2353 489 2424 13.
526 2330 575 2403 Et
588 2330 862 2405 cinnamomum
881 2346 919 2404 et
931 2329 1143 2404 suffimenta
1160 2345 1199 2404 et
1215 2330 1446 2429 pigmentum
1463 2345 1500 2402 et

297 2480 300 2488 ·
379 2443 476 2528 thus,
495 2461 534 2519 et
553 2445 680 2519 vinum
702 2460 740 2519 et
761 2443 884 2519 oleum
905 2460 944 2518 et
964 2444 1119 2518 similam
1141 2461 1180 2519 et
1199 2445 1367 2526 triticum,
1388 2460 1428 2518 et
1441 2445 1498 2544 ju-

380 2575 506 2634 menta
523 2576 561 2634 et
578 2585 681 2644 oves,
699 2576 738 2634 et
757 2585 937 2657 equorum
959 2576 997 2634 et
1017 2558 1215 2634 rhedarum
1236 2575 1275 2633 et
1294 2585 1500 2657 corporum,

379 2689 419 2749 et
435 2675 578 2749 animas
595 2673 798 2749 hominum.

435 2822 489 2891 14.
526 2800 574 2873 Et
591 2798 731 2873 fruetus
744 2799 917 2875 desiderii
935 2800 1082 2874 animae
1099 2815 1186 2874 tuae
1201 2799 1396 2874 abiverunt
1412 2825 1434 2872 a
1450 2816 1499 2877 te.

380 2931 418 2988 et
431 2915 556 2988 omnia
569 2915 721 3013 pinguia
734 2930 772 2989 et
785 2914 979 3012 splendida
992 2915 1186 2989 abiverunt
1198 2940 1222 2989 a
1235 2931 1282 2998 te,
1294 2932 1333 2989 et
1344 2912 1500 3011 amplius

381 3055 456 3104 non
474 3030 641 3103 invenies
659 3028 729 3104 illa.

436 3156 490 3228 15.
528 3155 756 3229 Mercatores
783 3155 926 3239 horum,
950 3155 1012 3253 qui
1038 3155 1171 3229 divites
1197 3152 1283 3229 sacti
1308 3156 1357 3229 ab
1383 3153 1451 3235 illa.
1478 3183 1500 3227 e

355 3268 585 3369 ¹longinquo
619 3271 770 3345 stabunt
807 3286 960 3368 propter
993 3270 1164 3343 timorem
1198 3270 1377 3344 cruciatus
1411 3271 1501 3369 ejus,

381 3386 514 3461 flentes
532 3401 571 3459 et
588 3384 770 3484 lugentes,

436 3514 489 3583 16.
526 3511 574 3583 Et
591 3511 765 3595 dicentes,
784 3509 879 3593 Vae,
897 3536 980 3593 vae,
997 3511 1084 3583 urbs
1105 3508 1165 3584 illa
1186 3534 1334 3608 magna,
1350 3510 1500 3583 circum-

380 3622 516 3699 amicta
536 3626 650 3721 bysso
671 3642 709 3699 et
730 3650 892 3723 purpura
912 3641 951 3699 et
971 3626 1131 3707 coccino,
1153 3641 1191 3698 et
1213 3625 1379 3698 inaurata
1398 3650 1501 3704 auro,

381 3756 420 3813 et
435 3738 557 3837 lapide
575 3741 748 3837 pretioso,
766 3756 805 3814 et
822 3740 1040 3839 margaritis,
1058 3740 1145 3838 quia
1165 3765 1241 3813 una
1260 3739 1352 3815 hora
1367 3739 1499 3813 devas-

380 3870 478 3928 tatae
496 3872 582 3927 sunt
600 3870 724 3929 tantae
743 3855 903 3929 divitiae.

436 3997 490 4069 17.
527 3980 575 4053 Et
595 3980 715 4053 omnis
740 3980 980 4078 gubernator,
1002 3996 1040 4053 et
1064 3980 1186 4053 omnis
1209 4004 1320 4075 super
1344 3979 1501 4058 navibus

381 4118 546 4178 versans,
565 4110 604 4167 et
621 4110 767 4179 nautae,
781 4111 820 4169 et
836 4110 1018 4192 quotquot
1036 4120 1138 4167 mare
1156 4110 1366 4191 operantur,
1381 4120 1403 4167 e
1420 4093 1498 4168 lon-

379 4210 522 4308 ginquo
538 4225 730 4293 steterunt,

436 4338 489 4408 18.
526 4334 573 4407 Et
598 4332 849 4408 clamaverunt
875 4334 1044 4408 videntes
1071 4332 1210 4406 sumum
1238 4330 1499 4407 combustionis

381 4450 471 4548 ejus,
489 4450 662 4533 dicentes,
681 4449 790 4543 Quae
808 4447 934 4523 similis
951 4450 1029 4523 urbi
1048 4449 1105 4522 isti
1124 4472 1294 4547 magnae.

435 4597 490 4665 19.
527 4574 574 4647 Et
594 4574 773 4648 miserunt
793 4573 983 4671 pulverem
1005 4599 1117 4670 super
1136 4572 1255 4670 capita
1274 4596 1354 4654 sua,
1371 4587 1409 4645 et
1428 4569 1496 4644 cla·

382 4705 577 4764 maverunt
597 4690 728 4763 flentes
750 4706 787 4764 et
807 4689 990 4787 lugentes,
1007 4689 1181 4782 dicentes,
1200 4686 1294 4771 Vae,
1313 4711 1394 4772 vac,
1415 4686 1498 4759 urbs
