3384 5400
350 674 413 753 840
670 684 916 738 neocastrum
939 686 1149 738 nsvsnnrn.

349 856 448 939 917);
476 878 536 940 per
556 857 741 922 “fluvium'‘
759 857 969 941 significatur
986 860 1146 925 Divinum
1165 859 1293 925 Verum
1316 862 1354 925 in
1370 862 1466 945 copia

352 952 399 1032 (n.
416 967 490 1032 409.
506 952 605 1032 932);
631 952 736 1015 “hinc
755 962 792 1017 et
810 953 911 1017 hinc”
929 952 1098 1036 significat
1120 955 1164 1018 ad
1182 956 1345 1019 dextrum
1365 967 1402 1020 et
1423 956 1467 1019 ad

349 1046 537 1120 sinistrum„
551 1056 588 1109 et
610 1066 727 1109 uerum
744 1047 789 1111 ad
810 1047 972 1113 dextrum
990 1058 1043 1111 est
1066 1049 1156 1131 quod
1178 1050 1213 1113 in
1236 1049 1328 1115 claro
1346 1061 1412 1126 est,
1431 1062 1468 1115 et

348 1140 393 1203 ad
408 1140 578 1203 sinistrum
594 1141 684 1223 quod
703 1143 737 1204 in
755 1142 919 1221 obscuro3
943 1144 1098 1207 meridies
1113 1145 1203 1207 enim
1221 1145 1259 1209 in
1274 1144 1393 1221 Caelo,
1409 1166 1468 1228 pur

348 1254 449 1316 quam
468 1233 677 1315 significatur
693 1254 810 1299 verum
828 1237 862 1299 in
880 1236 984 1311 claro,
1004 1247 1057 1301 est
1075 1237 1119 1301 ad
1138 1238 1311 1313 dextrum,
1328 1250 1365 1303 et
1387 1260 1466 1322 sep-

348 1330 475 1392 tentrio
504 1349 565 1411 per
592 1348 694 1412 quam
720 1328 929 1411 significatur
950 1351 1066 1395 verum
1096 1333 1130 1395 in
1160 1333 1315 1407 obscuro,
1338 1344 1395 1397 est
1422 1334 1469 1397 ad

347 1424 520 1487 sinistrum
540 1420 588 1505 (n.
606 1422 704 1505 9or]:
733 1444 793 1506 per
813 1424 1012 1489 “Ar-borem
1030 1426 1121 1489 vitae
1129 1425 1143 1449 ''
1162 1425 1371 1507 significatur
1393 1428 1465 1491 Do·

347 1517 458 1579 minus
486 1518 599 1599 quoad
629 1517 789 1581 Divinum
819 1517 986 1581 Amorem
1017 1516 1064 1601 (n.
1095 1518 1172 1601 89);
1204 1540 1264 1602 per
1291 1518 1466 1585 “studius''

346 1610 581 1691 significantur
595 1612 686 1673 bona
699 1614 825 1675 amoris
840 1622 876 1677 et
893 1614 1079 1687 charitatis,
1092 1634 1179 1697 quae
1194 1625 1360 1679 vocantur
1375 1616 1471 1681 bona

347 1724 462 1787 opera,
486 1705 528 1768 de
550 1705 670 1787 quibus
695 1706 730 1769 in
752 1716 916 1787 sequente
940 1706 1117 1785 Atticum
1151 1728 1211 1790 per
1235 1708 1466 1775 “duodecim’'

347 1799 579 1880 significantur
601 1801 725 1874 omnia,
749 1810 785 1864 et
808 1800 967 1865 dicuntur
988 1802 1030 1865 de
1053 1802 1151 1865 bonis
1173 1813 1211 1866 et
1232 1805 1320 1867 veria
1342 1804 1479 1870 Eccle··

346 1895 417 1957 siae
440 1892 489 1975 (n.
512 1894 610 1974 348);
643 1914 689 1957 ex
712 1894 768 1957 his
789 1896 824 1958 in
846 1914 950 1961 unum
973 1916 1108 1959 sensum
1132 1895 1282 1970 collatis..
1301 1899 1462 1981 sequitur,

346 1989 437 2071 quud
459 2009 519 2070 per
537 1990 600 2051 “in
622 1988 735 2051 medio
756 1987 893 2071 plateae
911 1998 947 2054 et
970 1990 1061 2053 fluvii·
1081 1990 1157 2053 hine
1181 2001 1216 2054 et
1240 1990 1329 2065 hinc,
1350 1990 1465 2055 Arbor

344 2084 437 2146 vitae
455 2082 581 2147 inciens
596 2080 721 2145 frudtus
734 2082 914 2147 duodecim
922 2082 937 2107 ”
952 2082 1161 2165 significetur
1177 2084 1272 2166 quod·
1285 2086 1319 2147 in
1337 2086 1469 2149 intimis

345 2180 527 2242 veritatum
536 2176 711 2241 dottrinae
723 2187 758 2242 et
770 2179 862 2241 uitae
875 2180 908 2241 in
919 2178 1018 2241 Noua
1028 2178 1186 2242 Ecclesia·
1195 2180 1240 2242 sit
1254 2178 1419 2245 Dominus
1429 2182 1463 2245 in

346 2273 475 2336 Divino
493 2271 563 2336 Suo
585 2272 726 2346 Amore.
747 2292 768 2335 a
790 2270 869 2354 Quo
891 2272 1006 2335 omnia
1027 2272 1128 2347 bona,
1148 2292 1234 2355 quse
1257 2272 1362 2337 homo
1383 2273 1468 2338 facit

345 2376 549 2450 apparenter
571 2368 658 2430 sicut
688 2386 709 2429 a
738 2386 785 2441 se,
810 2365 989 2448 profluunt.
1035 2366 1112 2431 Hoc
1136 2366 1176 2430 lit
1196 2368 1290 2449 apud·
1308 2367 1387 2433 illus
1408 2372 1467 2453 qui·

346 2460 531 2525 Dominum
554 2460 750 2525 immediate
773 2461 911 2534 adeunt,
935 2480 974 2523 ac
1006 2460 1137 2542 tugiunt
1161 2461 1255 2524 mala
1279 2462 1357 2544 quia
1385 2473 1464 2527 sunt

345 2564 499 2638 peecata.
520 2557 571 2619 ita
586 2556 642 2636 qui
663 2556 697 2617 in
717 2554 816 2617 Nova
835 2554 975 2618 Domini
996 2553 1163 2629 Ecclesia,
1184 2575 1270 2638 quae
1288 2566 1343 2623 est
1366 2556 1467 2621 Nova

347 2648 598 2730 Hierosolyma,
618 2659 736 2726 erunt;
765 2650 920 2733 namqui
941 2668 1009 2714 non
1028 2650 1223 2715 immediate
1241 2650 1369 2715 adeunt
1392 2650 1464 2716 Do-

346 2745 484 2818 minum,
505 2763 574 2806 non
597 2753 740 2826 possunt
763 2743 831 2826 Ipsi
855 2744 1026 2826 conjungi,
1048 2745 1097 2808 ita
1120 2763 1182 2810 nec
1207 2744 1312 2820 Patri..
1327 2756 1364 2810 et
1386 2747 1464 2810 inde

345 2857 416 2900 nun
437 2847 580 2919 possunt
610 2839 644 2899 in
669 2857 785 2901 amore
806 2839 863 2920 qui
893 2858 913 2900 a
944 2838 1070 2901 Divino
1090 2847 1156 2912 est,
1178 2857 1272 2902 esse:
1306 2837 1468 2921 aspedius·

346 2933 436 2995 enim
472 2931 667 3013 conjungit3
701 2951 770 2994 non
803 2929 961 3014 aspeeius
994 2929 1235 2996 intelledtualis
1266 2932 1375 3006 sulus,
1404 2933 1466 2996 sed

345 3023 503 3108 aspetius
518 3023 758 3088 intellediualis
777 3047 822 3088 ex
841 3023 1018 3090 affedtione
1037 3025 1243 3104 voluntatis;
1272 3036 1308 3092 et
1331 3024 1464 3090 affedlio

344 3121 532 3184 voluntatis
560 3141 627 3182 non
654 3121 765 3194 datur,
789 3121 852 3184 nisi
878 3119 983 3184 homo
1008 3119 1111 3184 saciat
1137 3129 1320 3202 praecepta
1347 3119 1464 3203 Ipsius.

346 3213 460 3296 Quare
479 3213 644 3277 Dominus
661 3214 755 3289 dicit,

397 3350 414 3370 “
422 3347 474 3411 Qui
486 3347 549 3396 iacit
561 3356 703 3410 praecepta
721 3346 792 3403 Mea.
807 3347 852 3396 llle
863 3355 938 3398 amat
955 3345 1009 3406 Me,
1023 3347 1096 3396 etad
1111 3347 1185 3397 illum
1197 3347 1314 3406 veniam.
1328 3355 1355 3397 et
1366 3349 1466 3398 mensi-

476 3427 556 3462 onem
568 3413 639 3474 apud
651 3413 726 3461 illum
737 3411 855 3463 iacism''
867 3413 943 3478 (Jot.
955 3412 1007 3464 xlv.
1020 3415 1118 3475 21—24).

347 3526 479 3590 Dicitur
496 3525 531 3588 in
549 3525 677 3588 intimis
692 3525 872 3591 vm'tatum
887 3502 1056 3589 dnbln'aae
1069 3535 1103 3589 et
1119 3525 1194 3590 inde
1208 3525 1298 3590 vitas
1314 3523 1351 3588 in
1367 3523 1467 3588 Nova

345 3619 504 3695 Ecclesia,
528 3621 606 3703 quia
639 3621 672 3683 in
696 3621 924 3702 spiritualibus
954 3621 998 3684 ab
1027 3621 1148 3684 intimo
1178 3630 1256 3683 sunt
1286 3619 1400 3683 omnia
1429 3629 1465 3683 et

346 3715 535 3796 procedunt
554 3716 678 3788 omnia,
699 3715 786 3778 sicut
804 3715 849 3778 ab
867 3716 946 3796 igne
966 3723 1004 3777 et
1025 3713 1100 3777 luce
1123 3715 1156 3776 in
1178 3723 1299 3777 centro
1321 3713 1354 3776 in
1378 3715 1464 3796 peri·

345 3811 498 3892 pherias3
523 3819 581 3871 aut
600 3810 687 3873 sieut
706 3807 834 3882 aSole,
853 3809 908 3892 qui
927 3809 1030 3872 etiam
1049 3817 1102 3872 est
1121 3809 1154 3870 in
1174 3817 1303 3881 centr0‚
1321 3806 1414 3872 calor
1429 3819 1465 3872 et

345 3903 405 3965 lux
424 3905 458 3965 in
477 3904 687 3978 uniuersum3
711 3903 759 3965 ita
781 3898 826 3966 tit'
841 3903 874 3965 in
895 3903 1040 3964 minimis
1064 3911 1100 3965 ut
1123 3903 1156 3964 in
1180 3901 1356 3964 maximis:
1389 3904 1466 3984 quia

344 3997 501 4059 intimum
514 3998 624 4059 omnis
639 3997 708 4058 veri
725 3995 943 4077 significatur,
957 3997 1034 4058 ideo
1050 3995 1172 4058 dicitur
1189 3995 1251 4057 “ln
1266 3995 1384 4058 medlo
1392 3996 1463 4078 pla·

345 4100 422 4153 teae
441 4091 476 4153 'et
494 4089 613 4164 fluvii‚'’
631 4099 667 4154 et
686 4109 755 4152 non
773 4091 815 4152 ab
833 4099 975 4170 utraque
987 4097 1091 4170 parte
1102 4087 1214 4172 stum'i,
1236 4091 1376 4154 tametsi
1398 4091 1461 4153 hoc

345 4182 556 4266 intelligitur.
602 4182 703 4264 Quod
727 4205 747 4247 a
770 4185 929 4260 Domino,
950 4182 1030 4246 dum
1054 4193 1107 4246 est
1130 4185 1163 4245 in
1186 4183 1317 4257 intimo,
1338 4185 1406 4246 sint
1428 4193 1462 4246 et

346 4268 534 4361 pro'cedant
551 4281 664 4341 omnia
680 4279 770 4342 bona
786 4279 910 4342 amoris
926 4287 961 4342 et
980 4277 1167 4353 charitatis,
1184 4287 1280 4360 patet
1297 4278 1345 4341 ab·
1357 4277 1466 4361 Ipsius

346 4371 483 4435 Domini
502 4373 611 4435 verbis
630 4373 718 4455 apud
738 4373 951 4447 Johannem:

394 4504 474 4572 Jesua
484 4503 583 4561 dixit.“
592 4505 824 4570 Quemadmodum
837 4507 940 4570 palmes
950 4520 1005 4556 non
1017 4515 1106 4570 potest
1119 4503 1234 4558 {rudium
1246 4506 1316 4557 terre
1327 4520 1382 4558 ase
1394 4507 1460 4569 ipsu.

476 4572 528 4621 niel
539 4573 667 4621 manserit
678 4573 705 4620 in
718 4574 780 4631 vite,
791 4573 828 4622 ita
839 4587 924 4636 neque
934 4587 983 4622 vos
993 4573 1045 4622 nisi
1058 4573 1084 4621 in
1096 4571 1141 4620 Me
1151 4573 1317 4622 manseritis:
1338 4569 1395 4634 Ego
1403 4585 1461 4621 sum

476 4635 764 4700 Vltimuepalmites:
781 4635 1461 4700 quimsnetintteerssgotntto.ttctentu6tun

478 4704 599 4760 multum,
614 4705 677 4766 quia
688 4703 747 4753 sine
761 4702 806 4753 Me
819 4717 874 4754 non
887 4704 999 4766 potestis
1012 4702 1099 4754 tacere
1111 4703 1251 4767 quicquam
1260 4701 1273 4722 ''
1285 4701 1340 4766 (xv.
1350 4701 1417 4764 4-6).
