3384 5400
355 664 418 736 608
678 680 927 736 trocnsuusrs
950 680 1161 732 naussum.

354 855 472 922 Caeli”
487 853 694 938 significatur
710 853 938 918 manifestatio
957 873 977 914 a
996 852 1145 915 Domino
1162 871 1208 915 ex
1226 852 1347 916 intimo
1362 851 1476 932 Caeli;

354 973 413 1034 per
443 955 593 1016 “vocem
628 948 811 1030 magnam”
839 946 1079 1020 manifestatio
1110 955 1146 1009 et
1178 967 1238 1028 per
1268 945 1476 1029 “Templum

354 1044 448 1111 Caeli
456 1045 472 1070 '’
490 1043 698 1126 significatur
716 1043 872 1106 intimum
895 1041 998 1115 Caeli,
1018 1062 1037 1104 e
1056 1061 1123 1122 quo
1146 1039 1290 1103 influxus
1311 1039 1358 1122 (n.
1376 1039 1474 1122 669):

352 1141 443 1224 quod
467 1140 597 1204 dicatur
616 1143 663 1200 “e
681 1136 851 1210 Thron0,”
870 1146 922 1199 est
946 1137 1022 1216 quia
1045 1155 1105 1218 per
1127 1135 1354 1198 “Thronum”
1372 1134 1475 1218 signi·

352 1233 471 1299 fleatur
486 1232 637 1307 Caelum,
651 1241 687 1296 et
703 1252 834 1314 quoque
848 1230 1006 1310 judicium
1020 1253 1028 1308 ;
1052 1231 1142 1312 quod
1159 1227 1310 1304 Caelum,
1323 1230 1476 1294 videatur

352 1350 384 1392 n.
409 1345 480 1404 221,
501 1343 581 1405 222;
615 1338 649 1390 et
673 1326 762 1409 quod
785 1325 956 1406 judicium,
974 1344 1005 1387 n.
1030 1341 1111 1405 229,
1142 1335 1177 1388 et
1201 1325 1264 1388 hoc
1287 1325 1365 1408 quia
1388 1343 1474 1388 nunc

353 1424 611 1490 manifestatum.
624 1431 677 1486 est
697 1421 787 1503 quod
806 1421 921 1484 omnia
939 1418 1115 1484 Ecclesiae
1133 1422 1313 1484 devastata
1331 1420 1409 1495 sint,
1428 1421 1475 1483 ita

352 1518 442 1601 quod
465 1517 540 1580 finis
558 1517 629 1598 ejus
647 1517 702 1590 sit,
722 1524 758 1578 et
780 1516 813 1577 in
836 1512 903 1577 fine
923 1513 1099 1578 Ecclesiae
1118 1514 1155 1578 fit
1170 1514 1350 1596 judicium3
1374 1533 1475 1596 quare

352 1615 417 1679 hoc
436 1614 558 1677 dicitur
576 1630 652 1674 cum
672 1608 809 1674 ultimus
831 1607 986 1690 Angelus
1006 1609 1150 1673 “effudit
1169 1608 1315 1692 phialam
1333 1630 1353 1672 e
1372 1609 1474 1672 Tem·

352 1709 410 1792 plo
434 1707 527 1772 Caeli
549 1727 569 1769 e
587 1706 731 1769 ,Throno
743 1703 769 1766 :”
800 1725 860 1786 per
884 1701 1036 1768 ‘'lactum
1058 1703 1135 1768 est”
1157 1703 1364 1786 significatur
1385 1703 1473 1785 quod

352 1811 624 1867 consummatum
643 1801 698 1874 sit,
718 1799 782 1863 hoc
802 1807 866 1872 est,
883 1799 972 1881 quod
991 1799 1172 1864 devastata
1190 1799 1258 1862 sint
1276 1799 1390 1862 omnia
1406 1797 1474 1862 Ec·

353 1897 475 1962 clesiae
496 1895 664 1978 (videatur
683 1914 793 1977 supra,
813 1913 845 1956 n.
863 1892 953 1975 676).

411 2006 507 2075 ⁷¹⁰·
532 2003 616 2071 [vers.
632 2000 685 2068 nt]
712 1991 975 2053 “ftluotoerunt
984 1990 1474 2071 meretlolpuraeltooitruo,''

352 2084 519 2168 significat
538 2084 817 2158 ratiocinationes,
829 2081 1090 2165 falsificationes
1110 2083 1194 2157 veri,
1212 2092 1245 2145 et
1260 2094 1471 2164 argumenta-

352 2181 454 2244 tiones
472 2200 515 2242 ex
522 2179 632 2260 salsis
650 2178 735 2242 mali
754 2178 790 2241 in
808 2175 958 2241 Ecclesia
975 2177 1070 2259 apud
1083 2176 1160 2240 illos
1177 2176 1286 2260 quiin
1304 2179 1376 2242 solo
1393 2178 1474 2243 Fide

352 2284 439 2350 sunt,
452 2283 484 2338 et
495 2275 764 2356 tergiversantur
775 2271 939 2356 reflectere
948 2282 1050 2352 super
1061 2271 1152 2335 mala
1162 2273 1258 2353 apud
1264 2293 1308 2348 se,
1321 2273 1473 2355 quomam

352 2391 415 2432 non
427 2368 540 2432 volunt
551 2370 697 2434 recedere
708 2367 750 2431 ab
762 2367 834 2430 illis
846 2369 881 2431 si
894 2369 1018 2430 scirent
1028 2365 1244 2448 illa-Quod
1260 2386 1320 2450 per
1332 2373 1352 2400 ·‘
1361 2389 1470 2444 voces

352 2462 482 2544 fulgura
501 2474 535 2527 et
555 2466 705 2527 tonitrua
712 2463 727 2488 ’'
743 2460 974 2543 significentur
989 2463 1274 2536 ratiocinationes,
1291 2461 1471 2528 falsificati·

352 2579 435 2621 ones
453 2557 533 2632 veri,
553 2568 588 2620 et
606 2557 921 2638 argumentationes
939 2577 984 2620 ex
1000 2554 1102 2631 salsis,
1118 2566 1275 2620 constare
1294 2567 1409 2638 potest
1427 2579 1471 2622 ex

352 2647 552 2733 supradictis
567 2648 613 2729 (n.
629 2647 699 2729 396,
714 2645 825 2729 5301¹¹),
838 2660 873 2714 et
897 2652 942 2715 ibi
965 2650 1136 2718 similibus.
1182 2648 1283 2732 Quod
1301 2650 1348 2715 illi
1367 2653 1421 2734 qui
1439 2653 1471 2718 in

353 2746 437 2810 Fide
463 2756 620 2829 separata
645 2746 688 2809 ab
712 2744 879 2829 Operibus
902 2746 1007 2827 Legis
1033 2756 1069 2811 et
1094 2746 1179 2809 inde.
1199 2748 1232 2809 in
1259 2746 1356 2809 malis
1382 2748 1471 2811 vitae

352 2850 442 2915 sunt,
471 2842 734 2921 tergiversentur
761 2836 933 2903 reflectere
959 2860 1059 2921 super
1085 2840 1176 2904 mala
1203 2841 1292 2922 apud
1321 2862 1369 2916 se,
1396 2844 1472 2924 quia

352 2955 421 2998 non
443 2934 563 2998 volunt
589 2935 747 2999 recedere
773 2935 818 2996 ab
835 2933 900 2997 illis
926 2936 953 2998 si
980 2936 1105 2999 scirent
1132 2934 1199 3011 illa,
1224 2944 1319 3016 patet
1346 2938 1472 3019 absque

351 3028 600 3111 explicatione3
628 3030 839 3109 experientia
862 3030 964 3093 docet
988 3030 1070 3092 hoc:
1099 3029 1188 3092 mala
1210 3031 1299 3093 enim
1321 3040 1400 3094 sunt
1419 3030 1471 3113 ju-

352 3124 472 3199 cunda,
486 3124 563 3206 quia
578 3133 656 3186 sunt
672 3143 804 3187 amores
817 3146 824 3201 ;
849 3134 883 3187 et
899 3144 919 3185 a
930 3122 1085 3203 jucundis
1100 3124 1259 3187 recedere
1274 3144 1375 3188 nemo
1387 3125 1470 3201 vult,

352 3219 414 3281 nisi
430 3215 560 3300 speltet
579 3218 622 3280 ad
638 3218 744 3281 vitam
760 3228 838 3299 post
855 3228 1011 3292 mortem,
1028 3228 1064 3281 et
1081 3219 1224 3299 primum
1238 3219 1282 3281 ad
1302 3219 1471 3284 Inlernum

351 3312 450 3394 quale
469 3322 532 3383 est,
549 3321 585 3374 et
603 3322 725 3393 postea
743 3312 785 3373 ad
806 3310 945 3375 Caelum
964 3312 1063 3393 quale
1082 3322 1146 3385 est,
1162 3332 1202 3375 ac
1222 3314 1352 3393 cogitet
1371 3324 1471 3379 extra

352 3403 464 3469 altum
482 3406 559 3469 mali
578 3406 621 3468 de
639 3405 723 3481 illis;
748 3406 774 3467 si
793 3407 896 3468 etiam
915 3415 996 3469 tunc
1012 3403 1144 3487 spectat
1162 3407 1205 3469 ad
1226 3406 1419 3483 Dominum,
1435 3420 1471 3473 et

353 3502 494 3582 cogitat,
519 3498 607 3581 Quid
635 3500 875 3581 temporarium
898 3496 1052 3580 respectu
1079 3500 1122 3563 ad
1148 3510 1334 3576 aeternum,
1357 3522 1471 3566 annon

343 3596 437 3657 :sicut
458 3594 550 3667 nihil,
570 3604 651 3657 tunc
675 3603 790 3675 potest
812 3590 985 3657 reflectere
1007 3614 1106 3675 super
1124 3594 1214 3657 mala
1236 3616 1305 3670 sua,
1325 3617 1364 3659 ac
1383 3597 1471 3661 velle

349 3689 435 3753 scire
450 3688 516 3761 illa,
537 3697 571 3751 et
591 3689 748 3751 recedere
767 3689 810 3752 ab
829 3687 904 3751 illis.
949 3688 1000 3751 At
1023 3690 1049 3752 si
1072 3687 1200 3752 insola
1223 3689 1307 3754 Fide
1329 3712 1367 3755 se
1389 3712 1469 3757 con-

350 3782 552 3856 firmaverat,
570 3792 651 3845 tunc
668 3782 757 3845 dicet
774 3783 887 3855 corde,
903 3782 1008 3851 Fides
1023 3792 1140 3845 nostra
1158 3782 1363 3864 theologica,
1378 3786 1469 3868 quod

351 3877 444 3940 Deus
465 3878 564 3939 Pater
583 3878 780 3939 misereatur
802 3886 941 3959 propter
965 3876 1085 3940 Filium
1105 3875 1171 3956 Qui
1194 3897 1312 3958 passus
1333 3889 1386 3942 est
1409 3900 1470 3961 pro

350 3972 501 4053 peccatis
518 3970 652 4045 nostris,
673 3972 700 4033 si
723 3970 786 4034 hoc
806 3991 852 4032 ex
870 3971 1015 4052 quadam
1037 3970 1157 4034 fiducia
1175 3972 1371 4054 supplicem,
1390 3974 1469 4039 lacit

350 4066 473 4139 omnia,
497 4076 577 4127 tunc
606 4084 673 4127 non
700 4062 842 4129 reflectit
868 4084 968 4145 super
990 4065 1125 4147 aliquod
1151 4066 1276 4128 malum
1299 4067 1388 4148 apud
1412 4088 1469 4145 se;

349 4160 432 4223 dicit
454 4160 557 4223 etiam
584 4178 697 4223 secum
721 4179 765 4223 ex
792 4158 851 4221 illa
874 4158 940 4222 lide
962 4160 1052 4241 quod
1079 4159 1204 4223 malum
1227 4180 1295 4223 non
1318 4161 1468 4236 damnet,

350 4263 385 4317 et
404 4255 494 4337 quod
513 4254 657 4317 salvatio
676 4254 718 4315 sit
738 4273 819 4334 pura
838 4254 1074 4328 misericordia,
1093 4264 1227 4335 praeter
1244 4254 1366 4318 similia
1383 4256 1469 4333 alia;

350 4349 396 4411 sic
419 4358 595 4429 permanet
614 4348 647 4410 in
666 4348 734 4409 suis
752 4346 861 4421 malie,
880 4358 916 4410 et
932 4347 1095 4429 jucundat
1113 4368 1150 4411 se
1168 4348 1201 4410 in
1221 4348 1285 4410 illis
1304 4370 1408 4432 usque
1426 4350 1469 4413 ad

350 4440 450 4505 finem
467 4444 566 4505 vitae.
611 4441 714 4505 Tales
730 4451 808 4505 sunt
824 4442 1110 4517 ratiocinationes,
1123 4441 1373 4507 falsificationes
1387 4445 1468 4519 veri,

350 4544 385 4598 et
408 4538 720 4617 argumentationes
747 4556 792 4599 ex
819 4536 911 4598 falsis
937 4535 1027 4612 mali,
1050 4556 1136 4619 quae
1162 4536 1215 4600 hic
1238 4536 1469 4618 significantur

349 4648 409 4712 per
428 4636 569 4706 “voces
590 4629 720 4713 fulgura
738 4637 773 4693 et
793 4628 970 4693 tonitrua.”
