3384 5400
324 633 388 713 844
646 644 893 698 arocnnvrms
915 644 1126 697 nsvunnra.

375 814 436 865 Gen.
451 815 486 865 iil.
503 827 532 876 7;
550 830 607 878 cap.
622 815 675 867 vili.
692 827 738 872 u:
755 816 829 879 Esaj.
843 814 934 865 xxxiv.
948 828 980 875 4;
1023 830 1095 865 mm.
1110 815 1164 865 vili.
1181 828 1226 876 ¹3:
1251 830 1308 879 cap.
1327 816 1391 867 xvii.
1409 817 1442 876 8;

454 881 691 937 Erech.xlvll.12;
709 880 781 930 Dan.
794 881 829 929 iv.
841 894 866 943 9,
883 892 911 928 11
926 876 971 945 [B.
1013 918 1018 929 .
1032 892 1070 939 12,
1088 876 1147 944 141:
1164 880 1263 930 Psalm.
1279 880 1294 930 i.
1310 894 1341 941 3;
1359 881 1441 931 Levia

451 947 527 996 xxvi.
537 947 585 1006 36;
601 946 701 996 Marta
711 947 766 997 ni.
778 944 843 1008 191¹¹;
859 960 917 1009 cap.
931 948 1002 995 ulu.
1014 958 1062 1007 ³²2
1079 947 1164 995 Man.
1176 948 1230 996 xiii.
1243 947 1283 997 28.

325 1096 392 1163 Sed
415 1096 608 1181 significant
627 1098 812 1164 secundum
831 1098 962 1180 species
980 1097 1156 1176 arborum;
1186 1098 1266 1161 solia
1288 1098 1385 1163 oleae
1405 1110 1443 1163 et

324 1194 402 1257 vitis
425 1192 617 1275 significant
640 1213 721 1257 vera
743 1192 921 1255 rationalia
944 1213 989 1255 ex
1012 1190 1087 1257 luce
1110 1192 1250 1257 caelesti
1281 1203 1316 1257 et
1347 1194 1443 1275 spiri-

324 1287 427 1363 tuali;
450 1288 530 1350 solia
548 1286 629 1351 ficus
648 1307 727 1350 vera
750 1286 930 1349 rationalia
953 1307 997 1349 ex
1021 1286 1095 1353 luce
1115 1288 1279 1364 naturali;
1306 1298 1341 1350 et
1364 1287 1444 1351 lolia

322 1380 455 1455 abietis,
481 1382 606 1463 populi,
630 1400 783 1465 quercus,
807 1381 886 1463 pini,
911 1380 1092 1445 rationalia
1114 1402 1160 1445 ex
1191 1380 1265 1447 luce
1288 1382 1444 1445 sensuali.

326 1472 458 1537 Horum
476 1474 555 1537 folia
573 1474 658 1537 dant
681 1483 845 1538 terrorem
868 1475 902 1537 in
926 1474 1052 1539 mundo
1071 1475 1245 1557 spirituali,
1265 1475 1345 1537 dum
1366 1475 1445 1539 sorti

324 1578 429 1632 vento
445 1570 638 1651 agitantur;
661 1568 744 1633 haec
760 1577 840 1631 sunt
856 1588 943 1650 quae
961 1567 1197 1651 intelliguntur
1211 1568 1316 1633 Levit.
1333 1568 1445 1633 xxvil'¹

327 1664 386 1745 3⁶3
411 1662 497 1726 szb
512 1664 580 1725 xiii.
596 1677 646 1743 25.
691 1661 831 1725 Illorum
845 1673 965 1747 ,autem
983 1662 1062 1727 solia
1081 1682 1149 1727 non
1168 1664 1227 1727 ita.

257 1830 261 1838 ,
384 1779 484 1849 937.
509 1774 594 1841 [Vm.
607 1774 646 1841 3·]
672 1762 738 1825 “fr
759 1764 851 1826 ulium
875 1764 1010 1827 romum
1032 1782 1090 1825 mn
1110 1764 1173 1825 orit
1190 1764 1240 1837 ihi,
1255 1770 1288 1826 oi
1311 1764 1446 1828 Thronus

324 1853 383 1919 001⁶
392 1860 427 1917 ol
437 1852 516 1937 Apni
533 1852 629 1915 milia
642 1850 713 1925 orit,
728 1858 761 1916 oi
773 1852 859 1915 sarri
869 1852 966 1934 Ipsius
979 1852 1194 1917 ministratum
1208 1853 1303 1933 lpirif'
1317 1854 1443 1935 signifi·

321 1958 381 2011 cat
403 1946 494 2028 quod
518 1946 554 2009 in
579 1942 738 2019 Ecclesia,
761 1965 847 2027 quae
868 1944 967 2009 Nova
988 1944 1230 2027 Hierosolyma,
1255 1966 1317 2007 non
1339 1946 1447 2027 aliqui

324 2041 483 2123 separati
501 2062 523 2103 a
543 2038 685 2103 Domino
701 2048 809 2113 erunt,
829 2038 910 2120 quia
932 2038 1011 2119 Ipse
1027 2038 1189 2102 Dominus
1212 2039 1262 2102 ibi
1280 2040 1442 2121 regnabit,

323 2147 356 2203 et
385 2136 439 2199 illi
459 2135 519 2218 qui
542 2135 577 2197 in
602 2133 692 2197 vern
713 2143 781 2215 per
815 2132 956 2197 Verbum
982 2132 1024 2197 ab
1050 2132 1129 2215 Ipso
1153 2144 1241 2209 sunt,
1263 2144 1295 2197 et
1310 2134 1445 2213 sacricnt

324 2230 486 2302 masidam
503 2229 628 2311 Ipsius,
647 2248 719 2293 cum
740 2227 820 2308 Ipso
836 2237 946 2303 erunt,
967 2228 1046 2309 quia
1068 2228 1343 2310 causandi-Per
1364 2230 1443 2293 “ul-

324 2326 394 2389 lum
417 2325 580 2387 devotum
603 2341 672 2385 non
695 2323 759 2385 erit
781 2321 848 2385 ibi”
871 2320 1080 2405 significatur
1102 2322 1192 2403 quod
1216 2342 1284 2385 non
1308 2323 1443 2405 aliquod

325 2419 451 2485 malum
478 2428 537 2482 aut
563 2415 684 2481 salsum
711 2437 755 2479 ex
784 2416 886 2491 malo,
910 2416 1001 2499 quod
1027 2426 1163 2498 separat
1191 2416 1385 2490 Dominum,
1410 2419 1443 2481 in

325 2513 424 2579 Nova
443 2511 685 2593 Hierosolyma
702 2512 785 2586 erit;
809 2520 845 2573 et
863 2512 941 2593 quia
961 2510 1086 2573 malum
1102 2521 1137 2575 et
1156 2510 1276 2575 salsum
1297 2530 1365 2573 non
1383 2512 1442 2575 da·

325 2618 381 2671 tur
396 2608 461 2670 nisi
484 2608 516 2669 in
539 2605 724 2687 recipiente
742 2604 798 2686 qui
818 2614 876 2669 est
899 2604 1013 2679 homo,
1034 2602 1243 2686 significatur
1261 2605 1351 2687 quod
1373 2624 1442 2669 non

321 2703 426 2785 aliqui
452 2701 600 2784 separati
626 2720 647 2762 a
674 2698 824 2762 Domino
854 2700 899 2763 ibi
929 2709 1048 2778 erunt;
1084 2721 1142 2782 per
1171 2700 1384 2764 “devotum’'
1410 2702 1442 2764 in

325 2796 443 2861 Verbo
461 2795 662 2876 intelligitur
680 2813 782 2858 omne
800 2794 833 2857 id
857 2794 983 2860 malum
1002 2804 1037 2858 et
1061 2793 1180 2858 salsum
1199 2795 1289 2878 quod
1308 2806 1442 2877 separat

325 2900 361 2954 et
390 2891 514 2954 avertit
544 2889 717 2954 hominem
739 2908 760 2951 a
791 2887 951 2962 Domino,
976 2900 1056 2952 tunc
1081 2890 1170 2953 enim
1197 2889 1253 2952 ille
1277 2889 1380 2954 homo
1406 2888 1443 2954 tit

325 2984 479 3048 diabolus
498 2992 533 3046 et
556 2991 713 3046 satanas:
741 3002 803 3064 per
820 2983 911 3065 quod
936 2981 1122 3048 “Thronus
1146 2981 1210 3046 Dei
1233 2992 1267 3048 et
1292 2983 1386 3064 Agni
1409 2985 1442 3046 in

324 3077 383 3142 illa
406 3077 498 3153 erit,”
521 3075 728 3160 significatur
750 3077 841 3158 quod
867 3076 944 3158 Ipse
963 3075 1128 3140 Dominus
1151 3078 1184 3140 in
1206 3077 1265 3140 illa
1288 3077 1443 3142 Ecclesia

325 3183 526 3256 regnaturus
544 3172 599 3244 sit,
616 3191 676 3254 per
695 3169 922 3234 “Thronum''
941 3172 1030 3235 enim
1049 3171 1102 3237 hic
1122 3169 1330 3252 significatur
1350 3171 1442 3254 Reg-

325 3285 417 3340 num,
438 3277 474 3332 et
497 3265 655 3348 Regnum
674 3264 812 3329 Domini
836 3275 889 3328 est
912 3265 967 3330 uhi
991 3265 1068 3347 Ipse
1092 3263 1191 3329 Solus
1214 3266 1355 3330 colitur:
1385 3287 1443 3348 per

321 3360 416 3444 quod
441 3359 559 3422 “servi
589 3358 698 3442 Ipsius
727 3359 968 3424 ministrabunt
1000 3358 1090 3441 lpsi”
1116 3358 1325 3440 significatur
1354 3358 1443 3440 quod

326 3454 437 3537 quiin
460 3454 547 3516 veris
570 3473 629 3534 per
647 3451 800 3516 Verbum
822 3474 843 3516 a
866 3451 1016 3517 Domino
1035 3461 1125 3527 sunt,
1146 3463 1244 3516 erunt
1264 3471 1341 3516 curn
1366 3453 1443 3535 Ipso

326 3558 361 3611 et
380 3547 505 3612 facient
524 3546 687 3610 mandata
706 3545 825 3632 lpsius,
845 3548 922 3629 quia
940 3543 1130 3628 conjunffl;
1154 3547 1244 3630 quod
1266 3567 1325 3628 per
1346 3553 1443 3610 “ser-

326 3662 387 3706 vos
404 3640 540 3705 Domini
549 3639 563 3663 ”
579 3639 811 3722 significentur
827 3642 883 3723 qui
902 3641 934 3702 in
954 3641 1040 3704 veris
1059 3639 1103 3704 ab
1122 3639 1201 3722 Ipso
1220 3651 1310 3716 sunt,
1330 3641 1443 3706 videa·

326 3747 381 3799 tur
403 3755 504 3816 supra
527 3732 574 3816 (n.
599 3750 627 3813 3,
654 3732 741 3816 380),
766 3745 802 3799 et
824 3755 884 3817 per
909 3733 1131 3798 “ministros'’
1154 3734 1208 3818 qui
1231 3736 1264 3796 in
1289 3735 1379 3798 bono
1401 3734 1444 3798 ab

327 3829 407 3912 lpso
423 3839 502 3891 sunt
517 3826 563 3910 (n.
583 3827 677 3908 128);
701 3827 779 3891 inde
795 3849 854 3912 per
869 3833 1015 3892 “servos
1028 3830 1083 3911 qui
1099 3829 1338 3892 ministrabunt
1355 3827 1443 3910 Ipsi”

326 3921 559 4006 significantur
577 3923 632 4004 qui
654 3923 688 3986 in
711 3923 798 3984 veris
820 3943 865 3986 ex
889 3923 980 3986 bono
999 3943 1058 4006 per
1077 3921 1229 3988 Verbum
1252 3943 1272 3986 a
1296 3923 1444 3988 Domino

327 4028 417 4092 sunt,
435 4027 470 4081 et
489 4016 615 4079 faciunt
631 4016 796 4080 mandata
815 4016 932 4100 Ipsius.

391 4109 479 4192 Quia
498 4109 654 4173 Ecclesia
669 4109 769 4175 hodie
786 4130 854 4174 non
873 4111 938 4174 scit
956 4111 1046 4194 quod
1065 4108 1257 4192 conjunctio
1276 4131 1354 4176 curn
1373 4112 1442 4176 Do-

327 4205 421 4269 mino
435 4204 537 4268 saciat
550 4202 702 4280 Caelum,
718 4212 754 4268 et
769 4205 860 4286 quod
876 4202 1068 4285 conjunctio
1084 4203 1141 4268 fiat
1158 4225 1217 4288 per
1232 4207 1441 4288 agnitionem

326 4299 417 4382 quod
448 4298 525 4381 Ipse
547 4299 592 4360 sit
618 4297 711 4360 Deus
734 4295 828 4362 Caeli
851 4308 886 4360 et
910 4297 1045 4372 Terrae,
1069 4307 1104 4362 et
1127 4299 1225 4362 simul
1255 4302 1441 4382 pervitam

327 4392 512 4457 secundnm
531 4399 714 4474 praecepta
733 4391 851 4473 Ipsius,
871 4392 949 4458 ideo
969 4393 1011 4455 de
1033 4393 1084 4455 his
1107 4391 1231 4474 aliquid
1250 4393 1381 4459 dicetur
1392 4415 1439 4456 :-

328 4483 394 4567 Qui
410 4485 452 4548 de
469 4486 521 4548 his
537 4504 605 4547 non
621 4485 745 4567 aliquid
761 4487 836 4559 scit,
854 4494 969 4568 potest
985 4487 1106 4561 dicere,
1125 4483 1213 4567 Quid
1231 4486 1441 4568 conjunitim

327 4580 498 4663 quomodo
528 4579 658 4661 agnitio
691 4588 726 4643 et
759 4581 829 4642 vita
862 4590 977 4664 potest
1007 4581 1117 4644 facere
1149 4579 1440 4662 conjunctionem
