3384 5400
539 689 617 741 cnr.
635 690 720 754 x1v.‚
737 675 1053 758 vassa-uoco
1284 691 1343 763 333

225 879 306 923 aera
322 857 494 934 Ecclesiae,
513 869 546 922 et
561 857 850 942 conspurcaverint
866 857 927 924 illa
939 856 1050 941 falsis
1063 856 1158 946 fidei,
1178 864 1240 926 sed
1257 863 1350 945 quod

224 952 413 1018 amaverint
430 974 510 1018 vera
532 953 610 1035 quia
632 965 710 1018 sunt
732 952 967 1036 verae-Quod
986 955 1132 1020 “mulier
1141 956 1156 980 ’⁹
1177 955 1344 1038 significet

223 1048 411 1112 Ecclesiam
428 1068 472 1111 ex
489 1045 665 1112 affectione
680 1051 759 1124 veri,
777 1059 812 1112 et
831 1050 909 1113 inde
927 1051 960 1112 in
979 1052 1137 1133 opposito
1155 1071 1255 1114 sensu
1273 1050 1342 1114 Ec-

223 1143 360 1206 clesiam
379 1163 423 1206 ex
442 1139 619 1206 afleitione
637 1141 721 1218 salsi,
742 1143 897 1207 videatur
915 1164 1014 1226 supra
1032 1143 1077 1226 (n.
1093 1162 1166 1225 434,
1185 1145 1271 1228 533),
1289 1144 1342 1209 hic

223 1237 412 1301 Ecclesiam
432 1257 475 1300 ex
498 1234 675 1300 affectione
693 1238 772 1313 veri,
792 1237 870 1320 quia
888 1239 1010 1302 dicitur
1029 1245 1047 1270 ‘⁴
1057 1259 1132 1302 cum
1151 1238 1343 1302 mulieribus

226 1351 294 1395 non
307 1330 470 1414 inquinati
482 1328 508 1407 ;”
531 1329 722 1413 “inquinari
738 1350 813 1394 cum
826 1331 1019 1396 mulieribus
1026 1331 1041 1356 '’
1053 1332 1161 1396 simile
1176 1331 1344 1414 significat

223 1444 299 1488 cum
315 1423 497 1488 adulterari
513 1434 548 1487 et
564 1426 724 1502 scortari;
748 1424 838 1507 quod
857 1423 1065 1488 “adulterari
1074 1425 1089 1450 ”
1101 1436 1136 1489 et
1153 1431 1172 1457 ‘⁴
1182 1427 1322 1489 scortari
1329 1425 1345 1449 '⁹
1422 1445 1429 1468 ·

223 1517 390 1600 significet
412 1516 603 1582 adulterare
627 1529 662 1583 et
685 1517 861 1582 falsificare
879 1518 1042 1592 Verbum,
1065 1519 1218 1583 videatur
1241 1521 1344 1583 etiam

223 1632 322 1694 supra
340 1610 386 1694 (n.
407 1612 479 1696 134)
494 1633 501 1674 ε
520 1613 698 1694 “virgines
715 1613 804 1676 enirn
821 1612 929 1688 sunt,'’
941 1611 1109 1694 significat
1121 1615 1199 1697 quia
1209 1634 1347 1677 amave·

223 1714 299 1770 runt
318 1727 397 1770 vera
413 1707 491 1788 quia
505 1727 585 1770 vera
603 1716 692 1781 sunt,
710 1709 758 1770 ita
776 1727 820 1770 ex
840 1703 1017 1770 affeltione
1035 1707 1217 1789 spirituali;
1241 1728 1342 1771 causa

225 1801 314 1882 quod
347 1799 381 1863 hi
413 1819 473 1882 per
503 1799 700 1882 “virgines''
733 1800 976 1885 intelligantur,
1007 1810 1060 1865 est
1089 1802 1165 1884 quia
1196 1801 1343 1883 “virgo''

223 1891 388 1976 significat
412 1891 602 1958 Ecclesiam
626 1903 662 1957 ut
686 1893 866 1976 Sponsam,
885 1915 971 1977 quae
994 1889 1247 1976 vult'conjungi
1271 1894 1343 1959 Do-

224 1989 325 2063 mino,
339 1998 373 2052 et
387 1986 455 2050 fieri
468 1987 568 2051 Uxor
581 2009 588 2064 ;
612 1997 647 2051 et
660 1987 815 2052 Ecclesia
827 2009 913 2071 quae
925 1988 997 2052 vult
1011 1988 1168 2069 conjungi
1185 1989 1342 2062 Domino,

225 2081 282 2144 illa
304 2090 397 2145 amat
421 2102 500 2145 vera
518 2083 594 2163 quia
613 2102 692 2145 vera
710 2091 808 2159 sunt;
832 2101 911 2146 nam
934 2102 992 2164 per
1015 2102 1104 2155 vera,
1124 2083 1203 2144 dum
1222 2083 1344 2146 vivitur

223 2176 408 2240 secundum
432 2175 499 2250 illa,
519 2174 556 2237 fit
579 2173 780 2256 conjunctio.
826 2176 910 2238 Inde
933 2186 997 2250 est,
1017 2176 1107 2259 quod
1131 2175 1245 2251 Israel,
1263 2175 1344 2240 Sion

224 2279 259 2333 et
278 2268 525 2350 Hierosolyma,
538 2269 572 2332 in
589 2267 705 2332 Verbo
721 2269 876 2333 dicantur
893 2269 1080 2351 “Virgines
1088 2269 1103 2294 ”
1119 2279 1154 2332 et
1171 2269 1306 2333 “Filiae
1318 2270 1344 2347 ;”

224 2384 283 2445 per
299 2369 319 2396 ‘⁴
329 2361 513 2426 Israelem''
529 2365 628 2438 enim,
643 2361 808 2426 “Sionem
817 2362 832 2387 ”
844 2374 879 2426 et
893 2368 913 2396 ‘⁴
924 2363 1226 2444 Hierosolymam‚''
1238 2365 1343 2446 signi·

224 2457 342 2521 ficatur
361 2456 526 2520 Ecclesia.
572 2457 672 2539 Quod
692 2477 810 2520 omnes
828 2456 876 2519 illi
903 2458 958 2539 qui
976 2456 1020 2520 ab
1035 2455 1191 2520 Ecclesia
1206 2457 1343 2521 Domini

224 2550 312 2616 tales
328 2561 416 2626 sunt,
433 2553 503 2614 sive
521 2552 588 2615 sint
604 2553 751 2632 virgines
767 2560 824 2613 aut
839 2550 990 2631 juvenes,
1008 2571 1131 2614 uxores
1146 2560 1204 2613 aut
1221 2552 1342 2625 mariti,

224 2647 317 2729 pueri
334 2656 391 2709 aut
411 2665 519 2721 senes,
539 2645 670 2729 puellae
689 2655 747 2709 aut
766 2645 911 2722 vetulae,
928 2666 987 2729 per
1004 2646 1179 2727 “virgines
1187 2644 1202 2668 ’¹
1218 2644 1344 2709 intelli·

224 2750 358 2822 gantur,
372 2750 528 2804 constare
544 2751 659 2823 potest
675 2761 720 2803 ex
736 2739 864 2816 Verbo,
879 2741 934 2803 ubi
951 2741 1126 2821 “virgines
1134 2739 1148 2763 ’'
1164 2741 1341 2803 nominan-

225 2845 299 2912 tur;
323 2845 360 2899 ut
398 2906 401 2915 ,

276 2969 384 3032 “Virgo
397 2968 479 3019 lsrael
487 2968 501 2989 ”
512 2968 620 3035 (Jenm.
630 2968 703 3019 xviii.
715 2981 760 3031 13:
778 2984 835 3031 cap.
845 2968 917 3019 xxxi.
926 2982 951 3029 4,
961 2980 990 3017 21
1001 2982 1009 3027 ;
1025 2968 1105 3016 Amos
1116 2983 1141 3017 v.
1152 2980 1183 3027 η
1203 2967 1266 3034 Joel
1273 2968 1290 3019 l.
1301 2966 1343 3031 8);

277 3034 384 3097 “Virgo
396 3034 463 3083 Filia
474 3034 592 3098 Jehudae
600 3034 614 3054 ’¹
626 3032 735 3096 (Three.
748 3034 764 3083 i.
778 3036 836 3097 15);

277 3100 387 3214 “virgeo²
403 3098 468 3177 Filia
485 3098 594 3227 S)ionis”
612 3096 737 3163 (21¹1Reg.
752 3100 805 3149 xix.
820 3111 869 3156 αις
897 3098 973 3163 Bsaj.
984 3097 1084 3149 xxxvii.
1096 3110 1144 3157 ππ
1178 3099 1204 3148 T
1200 3097 1346 3161 breulfi

388 3178 521 3228 nur-1³:

278 3230 426 3309 “Virgines
441 3228 669 3315 Hierosolymw
681 3228 790 3307 (Tim.
802 3230 828 3279 ii.
845 3228 901 3292 10);

277 3295 384 3359 “Virgo
396 3296 486 3359 populr
500 3294 569 3344 Mei·
589 3294 697 3359 (Jeme.
708 3310 762 3345 xrs.
776 3294 824 3355 17).

227 3434 341 3517 Quare
361 3434 525 3499 Dominus
543 3434 740 3497 assimilavit
759 3432 950 3497 Ecclesiam

463 3582 587 3631 “necem
599 3580 777 3645 vrrgrnraue’
788 3578 898 3642 (Mass.
912 3594 974 3631 xxv.
991 3592 1014 3639 1,
1024 3579 1109 3645 κη.»

226 3732 261 3787 et
280 3720 400 3785 dicitur
418 3720 506 3803 apud
525 3719 720 3795 Jeremiam,

278 3864 457 3915 '‘Aedificabo
474 3874 509 3923 te,
522 3872 552 3913 ut
569 3862 707 3913 aedificata
724 3862 762 3912 sis
773 3862 857 3925 Virgo
871 3861 970 3922 Israel;
988 3862 1076 3911 denuo
1088 3861 1173 3911 exibis
1188 3862 1215 3911 ln
1233 3861 1345 3913 chorum

357 3929 503 3979 ludentium
511 3927 525 3948 ''
536 3924 638 3991 <xxxil¹l
646 3941 671 3989 4,
685 3928 741 3990 13);
1327 3951 1332 3960 ·

227 4068 263 4123 et
281 4058 371 4142 apud
389 4058 569 4132 Davidem,

276 4196 432 4246 “Viderunt
442 4210 552 4259 gressus
564 4194 647 4254 Tuos,
661 4192 744 4253 Deus,
758 4208 868 4258 gressus
884 4193 935 4243 Dei
946 4192 1007 4252 rnei,
1023 4192 1105 4256 Regis
1117 4192 1170 4243 mei
1188 4192 1216 4242 in
1230 4188 1343 4242 Sanctu-

355 4261 586 4393 fgohizngfflo
601 4259 744 4324 Virginem
761 4258 1024 4325 tympanizantium”
1041 4258 1150 4321 (psalm.
1164 4258 1247 4309 lxviii.
1260 4268 1300 4318 ες,
1310 4258 1343 4307 2⁶

226 4454 261 4509 et
279 4442 368 4519 alibi,

276 4574 384 4626 “Filiae
397 4575 500 4639 Regum
513 4576 582 4624 inter
594 4573 723 4637 pretiosas
736 4568 821 4630 ruasl¹l
834 4571 956 4621 consistit
975 4570 1080 4633 Regina
1090 4572 1125 4621 ad
1136 4571 1256 4621 dextram
1268 4582 1342 4623 marn

355 4642 383 4690 in
395 4656 460 4690 auro
471 4640 574 4704 optimo
586 4638 709 4703 Ophiris:
727 4636 789 4688 audi
808 4636 876 4687 Filia
886 4646 913 4687 et
924 4637 1001 4696 vide;
1019 4634 1193 4687 delectabitur
1210 4636 1269 4687 Rex
1285 4639 1343 4702 pul-
