3384 5400
370 696 434 777 830
688 704 938 758 arocucvnns
961 705 1172 758 nsvnunrn.

368 880 413 942 ris
439 898 459 942 a
487 878 637 941 Domino
662 886 726 953 est,
750 887 787 941 et
809 877 874 941 hoc
898 886 952 941 est
974 876 1095 941 falsum
1118 874 1205 940 fidei.
1250 876 1391 941 Falsum
1416 874 1492 941 fidei

369 974 475 1037 etiam
492 972 694 1054 intelligitur
712 990 772 1055 per
792 968 982 1035 “nollem''
1000 971 1090 1055 apud
1108 970 1298 1047 Johannem
1309 994 1323 1035 .·

417 1118 497 1185 Jesuc
508 1120 583 1179 dixit,
599 1118 672 1169 “Me
689 1128 795 1181 oportet
811 1120 918 1182 operari
934 1132 1018 1182 opera
1035 1118 1095 1179 Dei,
1109 1134 1247 1185 quousque
1259 1118 1317 1169 dies
1334 1128 1393 1183 αις
1418 1121 1493 1171 venit

501 1184 562 1234 Nox
574 1186 683 1249 quando
694 1198 776 1235 nemo
788 1186 888 1249 poterit
899 1186 1004 1249 operari
1011 1183 1025 1205 ”
1037 1184 1084 1249 (ix.
1094 1182 1146 1249 41¹1)
1156 1200 1162 1247 ;

370 1332 407 1388 et
425 1323 514 1406 apud
532 1320 681 1387 Lucam:

420 1458 479 1509 “ln
496 1459 545 1508 illa
566 1455 652 1507 Nodte
672 1467 751 1507 erunt
767 1458 822 1508 duo
838 1472 920 1521 super
939 1454 1010 1509 lecto
1027 1472 1103 1521 uno;
1128 1472 1199 1509 unus
1216 1460 1405 1524 acceptabitur,
1424 1460 1492 1511 alter

500 1526 639 1575 deseretur
646 1523 662 1544 ”
673 1523 746 1586 (xvii.
757 1524 816 1586 ui:

369 1663 481 1745 agitur
504 1662 550 1725 ibi
575 1662 618 1725 de
642 1660 763 1725 ultimo
785 1670 940 1743 tempore
963 1658 1152 1737 Ecclesiae,
1176 1661 1312 1746 quando
1335 1683 1404 1726 non
1428 1664 1490 1727 erit

370 1758 432 1821 nisi
458 1756 579 1821 falsum
605 1754 701 1835 fidei;
736 1776 796 1839 per
823 1752 1001 1819 “lcitum''
1026 1754 1235 1837 significatur
1261 1754 1415 1821 doctrina
1443 1756 1489 1841 (n.

374 1868 458 1933 137.

429 1850 528 2026 3¹3.
556 1941 621 2005 ‘fr
643 1942 777 2005 onerant
791 1941 923 2024 plocium
943 1947 977 2005 ot
998 1942 1142 2006 honoram
1159 1942 1294 2026 pontium
1316 1942 1348 2005 in
1371 1942 1490 2017 illam,''

369 2036 538 2119 significat
561 2035 652 2118 quod
669 2034 730 2117 qui
748 2034 882 2098 intrant
901 2054 1008 2098 secum
1025 2035 1143 2115 ferent
1162 2036 1405 2115 confessiom
1430 2057 1489 2118 ag·

370 2132 524 2195 nitzimem
541 2140 574 2193 et
585 2130 701 2214 fidem,
722 2128 812 2212 quod
828 2128 993 2193 Dominus
1011 2129 1058 2193 sit
1074 2129 1165 2193 Deus
1186 2128 1283 2195 Caeli
1300 2140 1333 2193 et
1356 2128 1488 2204 Terrae,

368 2236 401 2290 et
422 2225 512 2308 quod
525 2245 617 2287 omne
633 2245 749 2287 verum
766 2223 935 2287 Ecclesiae
950 2233 983 2287 et
999 2244 1092 2287 omne
1109 2224 1225 2287 bonum
1241 2224 1428 2307 Relzgzimt's
1446 2227 1492 2290 sit

369 2320 412 2385 ab
430 2318 666 2402 Ipsa-Quod
684 2340 744 2402 per
761 2318 907 2383 “afferre
923 2317 1068 2400 gloriam
1084 2328 1120 2383 et
1138 2319 1304 2383 honorem
1323 2322 1356 2383 in
1373 2320 1489 2385 illam”

369 2414 577 2497 significetur
609 2413 763 2479 confiteri
797 2413 994 2489 Dominum,
1025 2422 1061 2477 et
1095 2412 1253 2478 addicere
1286 2414 1355 2497 ipsi
1388 2435 1490 2480 omne

369 2510 508 2585 bonum,
532 2530 618 2593 quae
640 2508 730 2591 apud
756 2528 793 2573 se
815 2518 906 2582 sunt,
930 2507 1086 2573 videatur
1108 2529 1208 2591 supra
1232 2507 1279 2591 (n.
1302 2508 1401 2593 921);
1436 2512 1488 2574 hic

369 2605 491 2668 similia
509 2603 751 2686 significantur,
772 2622 848 2666 cum
868 2600 1056 2667 differentia
1074 2603 1165 2687 quod
1187 2603 1235 2668 illi
1254 2605 1309 2687 qui
1330 2623 1391 2686 per
1409 2610 1489 2669 “re-

369 2795 426 2878 qui
458 2815 518 2877 per
549 2792 722 2876 “gentes”
752 2791 1009 2874 intelliguntur,
1048 2813 1127 2856 nam
1156 2794 1288 2868 dicitur,
1322 2793 1491 2860 “afferent

370 2889 514 2972 gloriam
537 2898 572 2952 et
599 2888 764 2951 honorem
787 2889 942 2970 gentium
967 2889 1001 2951 in
1025 2887 1148 2962 illam,”
1171 2897 1206 2952 et
1233 2909 1293 2970 per
1317 2889 1491 2971 “gentes”

370 2982 603 3067 significantur
623 2983 678 3065 qui
700 2983 734 3045 in
757 2981 849 3046 bono
868 2984 959 3046 vitae
978 2993 1068 3059 sunt,
1089 2993 1125 3048 et
1148 2983 1291 3047 credunt
1314 2985 1347 3049 in
1372 2984 1490 3048 Domi·

371 3099 451 3142 num
472 3076 519 3160 (n.
537 3077 636 3160 920);
665 3087 700 3141 et
719 3098 853 3160 quoque
872 3079 984 3160 agitur
1003 3079 1045 3142 de
1068 3079 1264 3161 receptione
1282 3079 1417 3143 illorum
1436 3081 1491 3163 qui

370 3175 404 3237 in
427 3174 515 3237 veris
540 3193 586 3236 ex
612 3170 704 3235 bono
727 3174 851 3235 amoris
878 3194 898 3236 a
925 3173 1074 3237 Domino
1097 3182 1176 3236 sunt
1202 3170 1299 3254 (mox
1323 3193 1434 3256 supra,
1459 3194 1491 3238 n.

369 3266 448 3351 922)
462 3289 469 3346 ;
492 3266 571 3331 inde
583 3267 743 3349 sequitur,
757 3267 848 3349 quod
864 3287 923 3350 per
937 3267 1105 3332 “afferent
1118 3266 1262 3350 gloriam
1275 3277 1309 3330 et
1326 3267 1491 3332 honorem

370 3362 525 3446 gentium
548 3363 581 3425 in
604 3360 721 3425 illam”
739 3360 949 3444 significetur
965 3362 1055 3446 quod
1075 3363 1130 3445 qui
1152 3363 1280 3426 intrant
1305 3383 1421 3427 secum
1443 3363 1491 3427 se·

372 3466 448 3521 rent
465 3456 723 3532 consessionem,
741 3457 953 3538 agnitionem
972 3467 1008 3522 et
1025 3455 1138 3532 fidem,
1155 3457 1246 3539 quod
1266 3455 1432 3520 Dominus
1448 3457 1491 3521 sit

373 3552 466 3616 Deus
487 3549 582 3615 Caeli
604 3559 639 3614 et
662 3549 800 3627 Terrae,
824 3560 860 3616 et
883 3552 974 3635 quod
996 3571 1098 3615 omne
1120 3570 1236 3615 verum
1256 3550 1434 3616 Ecclesiae
1456 3560 1492 3616 et

371 3666 473 3710 omne
492 3646 619 3708 bonum
639 3644 827 3727 Religionis
846 3647 891 3710 sit
914 3646 958 3710 ab
977 3647 1067 3729 Ipso.
1111 3644 1241 3710 Similia
1258 3665 1368 3729 paene
1386 3647 1491 3729 signi-

372 3739 515 3804 ficantur
533 3760 592 3823 per
610 3739 693 3804 haee
713 3741 802 3823 apud
821 3740 987 3826 Escy'am:

422 3884 508 3949 “Ego
519 3885 670 3947 expandam
682 3899 763 3947 super
776 3885 996 3951 Hierosolymam
1009 3899 1111 3950 pacem,
1125 3885 1195 3936 sicut
1211 3894 1357 3936 torrentem
1371 3884 1492 3937 Gloriam

503 3949 630 4000 Gentium
638 3949 652 3970 ''
664 3951 738 4012 (lxvi.
751 3951 800 4015 12).

372 4089 505 4153 Dicitur
526 4107 642 4152 verum
666 4087 843 4153 Ecclesiae
864 4099 902 4166 et
927 4089 1055 4154 bonum
1078 4087 1277 4171 Religionis,
1301 4087 1380 4171 quia
1402 4084 1492 4150 aliud

371 4192 426 4247 est
452 4182 610 4247 Ecclesia
635 4193 671 4247 et
697 4183 787 4247 aliud
815 4184 961 4266 Religi0.
1006 4183 1164 4248 Ecclesia
1189 4183 1312 4246 dicitur
1336 4181 1493 4246 Ecclesia

372 4299 417 4342 ex
440 4274 603 4353 doctrina,
623 4286 659 4340 et
683 4277 818 4360 Religio
837 4279 960 4342 dicitur
983 4278 1119 4360 Religio
1141 4299 1186 4342 cx
1209 4279 1281 4341 vita
1303 4275 1490 4340 secundum

372 4368 571 4435 doitrinam.
617 4369 729 4436 Omne
758 4369 933 4437 doctrinae
962 4381 1105 4436 vocatur
1133 4392 1261 4446 verum,
1293 4380 1329 4436 et
1359 4389 1492 4452 quoque

372 4465 500 4528 bonum
522 4465 592 4546 ejus
614 4476 668 4530 est
690 4486 817 4542 verum,
842 4469 919 4549 quia
942 4467 1045 4531 modo
1067 4466 1170 4530 docet
1196 4466 1298 4544 illud;
1331 4475 1369 4529 at
1392 4483 1492 4529 omne

372 4560 464 4622 vitae
482 4561 667 4623 secundum
690 4561 748 4624 illa
771 4581 857 4643 quae
879 4562 983 4625 docet
1002 4559 1165 4636 doetrina,
1186 4569 1328 4624 vocatur
1346 4559 1491 4634 bonum;

373 4653 478 4716 etiam
500 4651 610 4718 lacere
633 4675 713 4720 vera
735 4653 910 4720 doctrinae
936 4664 990 4721 est
1016 4655 1153 4721 bonum.
1198 4655 1253 4719 Ita
1276 4655 1493 4738 distinguitur
