3384 5400
348 708 413 776 7²0
666 704 916 759 unocunuesrs
939 705 1150 761 naussum.

347 888 485 962 propter
501 878 635 955 Filium,
648 878 708 943 sed
724 887 805 942 tunc
821 878 931 942 aditur
944 877 1021 960 Ipse
1038 877 1212 954 Dominus,
1226 886 1261 942 et
1277 898 1338 961 per
1353 878 1464 964 ipsum

347 971 440 1035 Deus
461 972 571 1047 Pater,
592 973 668 1055 quia
691 973 791 1036 Pater
808 974 843 1037 in
867 973 946 1055 Ipso
965 983 1017 1036 est
1037 974 1323 1055 quemadmodum
1342 974 1466 1038 Anima

347 1067 380 1132 in
399 1064 561 1148 Corpore,
581 1076 617 1129 ut
636 1063 762 1130 dictum
784 1078 846 1131 est.
891 1065 1090 1151 Antequam
1115 1066 1310 1132 Humanum
1333 1068 1465 1131 Domini

346 1162 543 1243 agnoscitur
570 1160 740 1233 Divinum,
765 1172 818 1226 est
845 1162 980 1244 quidem
1009 1160 1199 1243 conjugium
1229 1162 1365 1227 Domini
1392 1182 1466 1227 cum

346 1255 512 1331 Ecclesia,
538 1254 597 1319 sed
625 1253 734 1319 solum
760 1256 849 1337 apud
877 1255 953 1319 illos
979 1257 1033 1338 qui
1060 1256 1186 1318 adeunt
1214 1254 1409 1331 Dominum,
1432 1266 1466 1321 et

346 1352 503 1431 cogitant
523 1349 565 1413 de
588 1348 712 1414 Divino
736 1350 855 1433 Ipsius,
876 1360 911 1413 et
931 1370 998 1413 non
1021 1349 1145 1433 aliquid
1168 1370 1250 1412 num·
1272 1349 1465 1414 Humanum

347 1444 455 1527 lpsius
477 1445 521 1508 sit
545 1443 703 1507 Divinum
727 1443 780 1506 vel
804 1464 892 1507 non:
931 1444 979 1506 ita
1002 1443 1127 1507 iaciunt
1151 1444 1319 1526 simplices
1342 1444 1409 1509 fide
1431 1456 1465 1511 et

345 1539 458 1613 corde,
477 1548 513 1603 et
532 1548 607 1602 raro
626 1536 717 1603 dour
739 1548 776 1603 et
798 1538 929 1602 eruditi.
975 1537 1021 1602 Et
1045 1548 1220 1621 praeterea
1239 1558 1308 1601 non
1327 1550 1465 1621 possunt

345 1632 417 1696 dari
439 1642 509 1696 tres
532 1632 645 1696 Mariti
667 1636 764 1697 unius
786 1632 926 1704 Uxoris,
947 1652 1008 1697 nec
1033 1642 1102 1695 tres
1123 1634 1253 1695 animae
1277 1634 1374 1697 unius
1393 1654 1464 1697 cor·

345 1728 454 1809 poris3
485 1747 587 1809 quare
610 1726 673 1791 nisi
695 1728 891 1808 agnoscitur
914 1726 1006 1790 Deus
1029 1726 1126 1790 Unus
1149 1728 1182 1789 in
1206 1725 1283 1808 Quo
1306 1727 1465 1803 Trinitas,

345 1831 380 1886 et
392 1822 483 1904 quod
497 1821 559 1885 ille
572 1822 664 1885 Deus
676 1821 721 1885 sit
733 1820 909 1895 Dominus,
924 1840 992 1883 non
1006 1822 1106 1883 datur
1118 1818 1319 1902 conjugium.
1366 1821 1466 1903 Quod

344 1938 365 1980 a
383 1935 471 1979 nunc
490 1915 551 1980 fiat
565 1915 649 1980 illud
667 1914 869 1996 conjugium,
890 1925 943 1979 est
962 1915 1038 1997 quia
1061 1932 1129 1977 non
1153 1916 1241 1995 prius
1263 1913 1333 1978 fieri
1356 1918 1465 1998 potuit

344 2010 455 2092 plene,
479 2030 579 2093 quam
606 2021 787 2093 postquam
814 2010 847 2073 in
873 2010 999 2073 mundo
1026 2009 1188 2091 spirituali
1215 2030 1275 2091 per
1296 2010 1464 2077 Ultimum

342 2104 508 2185 Judicium
533 2106 680 2189 separati
704 2114 783 2169 sunt
812 2104 1020 2183 Babylonici,
1049 2112 1085 2166 ut
1112 2113 1147 2166 et
1176 2104 1383 2180 Philisthaei,
1411 2106 1465 2189 qui

343 2211 423 2263 sunt
435 2200 490 2282 qui
502 2200 610 2263 solam
623 2198 742 2263 Fidem
755 2197 956 2279 profitentur
968 2218 975 2274 ;
999 2208 1035 2261 et
1047 2197 1124 2280 quia
1139 2199 1172 2261 in
1185 2199 1464 2279 praecedentibus

343 2291 456 2358 astum
478 2304 530 2357 est
554 2292 596 2357 de
619 2294 832 2375 separatione
860 2291 1002 2365 illorum,
1026 2292 1147 2355 dicitur
1169 2312 1191 2355 a
1213 2312 1304 2355 nunc.
1364 2292 1464 2375 Quod

343 2390 481 2470 nuptiae
498 2387 674 2451 Ecclesiae
689 2387 756 2450 sint
773 2406 849 2451 cum
866 2385 1024 2461 Domino,
1037 2395 1194 2449 constare
1207 2396 1323 2467 potest
1335 2408 1380 2450 ex
1393 2388 1463 2451 his:

394 2546 412 2566 ‘⁴
420 2542 498 2609 jesus
510 2543 585 2601 dixit,
600 2541 662 2592 Non
675 2551 789 2605 possunt
801 2540 847 2591 filii
861 2540 1019 2603 Nuptiarum
1032 2539 1132 2603 lugere,
1147 2539 1275 2605 quamdiu
1286 2554 1345 2589 cum
1358 2540 1412 2592 illis
1424 2550 1465 2593 eet

473 2609 595 2671 Sponsus
602 2607 617 2627 '⁹
628 2607 735 2668 (Maur.
746 2608 781 2656 ix.
794 2618 823 2666 15
835 2622 841 2662 ;
859 2607 944 2655 Marc.
956 2606 982 2655 ii.
997 2606 1036 2668 19)
1047 2620 1052 2663 ;

394 2673 511 2726 “Simile
522 2682 564 2726 est
577 2673 701 2737 Regnum
714 2671 857 2722 Caelorum
870 2672 973 2721 homini
986 2670 1061 2734 Regi,
1076 2670 1121 2735 qui
1136 2670 1199 2721 lecit
1211 2670 1325 2734 Nuptias
1338 2671 1454 2728 filiosuo

473 2752 501 2789 et
511 2741 601 2788 emisit
613 2753 707 2788 servos
719 2749 746 2787 et
758 2739 881 2787 invitavit
892 2739 926 2786 ed
940 2737 1054 2800 Nuptias
1064 2735 1077 2756 '¹
1089 2737 1198 2795 (Μαῖα.
1210 2738 1273 2788 xxii,
1288 2739 1376 2799 1-14);

394 2805 510 2855 “Simile
528 2814 570 2854 est
589 2804 712 2866 Regnum
731 2802 875 2852 Caelorum
895 2803 986 2852 decem
1005 2801 1168 2865 Virginibus,
1189 2818 1257 2866 quae
1276 2803 1418 2855 exiverunt
1435 2805 1463 2854 in

472 2885 612 2920 occursum
630 2869 728 2933 Sponsi
739 2867 762 2925 ;”
788 2883 822 2918 ex
841 2869 937 2932 quibus
956 2868 1072 2932 quinque
1091 2877 1200 2931 paratae
1221 2869 1383 2932 “ingressae
1401 2879 1463 2922 sunt

473 2950 534 2984 cum
547 2935 654 2998 Sponso
665 2935 693 2984 in
707 2933 820 2997 Nuptias
828 2932 842 2953 '⁸
855 2934 964 2997 (Matth.
975 2948 1037 2984 axv.
1051 2933 1141 2997 1-12);

342 3081 433 3165 quod
464 3079 628 3144 Dominus
655 3079 700 3143 Se
725 3079 778 3143 hic
805 3077 1026 3154 intellexerit,
1053 3087 1150 3160 patet
1175 3098 1196 3140 a
1221 3097 1319 3143 versu
1345 3079 1462 3144 subse·

342 3172 494 3259 quenteffl
514 3175 568 3238 ubi
586 3174 685 3249 dixit,

392 3322 541 3386 “Vigilate,
553 3322 615 3453 quia
624 3336 678 3370 non
689 3321 802 3370 novistis
811 3321 883 3370 diem
893 3330 920 3370 et
928 3321 1031 3378 horam,
1042 3335 1094 3384 qua
1104 3319 1186 3370 Filius
1198 3319 1325 3373 Hominis
1334 3329 1461 3374 ventunrs

472 3387 534 3438 ιω
547 3387 556 3449 (
570 3387 668 3437 March.
680 3400 742 3438 xxv.
755 3382 824 3450 13]);

340 3513 376 3569 et
394 3503 492 3567 alibi:

392 3635 502 3687 ''Sunto
518 3635 602 3685 lumbi
614 3634 696 3684 vestri
707 3631 798 3693 cincti,
811 3643 838 3684 et
850 3633 977 3684 candelae
989 3643 1095 3684 vestrae
1112 3633 1240 3692 lucentes,
1253 3641 1281 3682 et
1297 3633 1399 3684 similes
1416 3647 1457 3684 ex·

471 3698 654 3764 spectantibus
673 3699 819 3750 Dominum
836 3714 924 3758 suum,
944 3701 1052 3763 quando
1070 3713 1224 3750 reversurus
1241 3708 1317 3748 esta
1335 3697 1458 3762 Nuptiis”

470 3761 745 3840 mmmm

401 3921 497 4003 813·
525 3918 591 3982 ‘Ei
604 3919 686 3982 vxor
705 3918 802 4000 brius
819 3919 943 4000 parauit
960 3918 1035 3990 se,''
1049 3916 1216 4000 significat
1231 3919 1322 4000 quod
1332 3918 1390 3982 illi
1401 3919 1461 4002 qui

338 4012 382 4078 ab
390 4012 539 4076 Ecclesia
547 4011 618 4088 hac,
629 4022 770 4095 quaeest
778 4011 877 4074 Nova
886 4010 1125 4091 Habrosolyma,
1136 4019 1241 4082 erunt,
1251 4009 1458 4093 colliguntur,

339 4108 581 4188 inaugurentur
604 4116 637 4169 et
660 4105 990 4170 instruantur.··-Per
1018 4104 1201 4168 “Uxorem
1210 4103 1225 4128 '’
1252 4103 1459 4186 significatur

338 4202 440 4266 Nova
459 4199 614 4264 Ecclesia
637 4199 784 4274 Domini,
802 4220 890 4282 quae
909 4209 961 4262 est
982 4198 1080 4261 Nova
1099 4196 1349 4278 Hierosolyma,
1368 4197 1458 4282 quod

339 4305 436 4380 patet
455 4295 545 4360 clare
562 4316 583 4359 a
600 4297 712 4378 capite
730 4315 799 4377 seq.
821 4292 937 4375 (xxi),
958 4293 1012 4356 ubi
1031 4292 1113 4356 haec
1133 4301 1231 4356 sunt:

391 4443 477 4494 “Vidi
497 4442 597 4493 Urbem
615 4438 737 4492 sandlam
756 4439 974 4502 Hierosolymam
994 4453 1092 4488 nouam
1110 4437 1318 4488 descendentem
1336 4453 1353 4488 a
1370 4437 1459 4490 Dese

470 4509 554 4559 Caelo
566 4518 687 4572 paratam
700 4507 769 4556 sicut
780 4506 913 4570 Sponsam
926 4515 1048 4554 ornatam
1062 4503 1162 4554 Marito
1174 4502 1244 4554 suo''
1256 4506 1336 4566 (vers.
1352 4502 1393 4566 2);

341 4663 376 4717 et
395 4653 428 4716 in
447 4652 567 4716 eodem
586 4651 719 4732 capite:
