3384 5400
702 720 949 773 APOCALYPSIS
972 716 1182 772 REt'ELATA'.

430 890 611 955 “Coeperunt
629 892 719 1019 omn)is
739 893 816 941 turba
832 892 1024 957 discipulorum
1046 890 1166 943 laudare
1188 890 1275 943 Deum
1293 906 1359 943 voce
1378 890 1486 957 magna”

509 958 648 1018 (Lue.xix.
660 970 691 1017 37
711 972 717 1016 ς

429 1023 447 1044 “
456 1020 539 1071 Erant
551 1024 579 1071 in
592 1023 708 1086 Templo
721 1023 873 1073 laudantes
885 1032 912 1072 et
923 1023 1112 1073 benedicentes
1125 1022 1211 1071 Deum
1220 1021 1234 1042 ''
1246 1021 1319 1084 (Luc.
1330 1022 1400 1073 axin.
1413 1023 1463 1085 53);

430 1086 549 1137 “Audiri
570 1089 657 1149 iacite,
678 1088 805 1167 laudate,
823 1100 851 1139 et
871 1089 959 1148 dicite,
982 1089 1073 1148 Serva,
1091 1088 1223 1155 Jehovah,
1241 1090 1370 1153 populum
1387 1088 1486 1139 ‘fuum'’

544 1170 616 1204 erem
629 1170 701 1203 xxxi.
748 1169 754 1213 ;

368 1254 371 1271 .
428 1220 447 1242 ‘⁸
455 1217 495 1268 Ia
509 1155 519 1215 (
530 1229 573 1268 ate
582 1155 754 1285 Jebovam7i)n
764 1218 861 1278 Caelis,
872 1218 989 1268 laudate
1001 1218 1092 1281 ipsum
1102 1218 1129 1267 in
1142 1218 1262 1277 excelsis,
1275 1219 1392 1270 laudate
1404 1218 1486 1283 Ipsum

508 1284 607 1347 Angeli
622 1284 717 1347 Ipsius.
730 1284 848 1334 laudate
862 1284 953 1348 Ipsum
966 1284 1096 1333 exercitus
1110 1284 1206 1347 Ipsius,
1222 1284 1339 1335 Laudare
1353 1284 1439 1349 Ipsum
1451 1285 1486 1334 sol

507 1359 535 1399 et
546 1350 618 1408 luna,
634 1350 752 1399 laudate
772 1349 864 1412 ipsum
876 1363 971 1399 omnes
984 1349 1078 1398 stellae
1095 1350 1169 1407 lucis.
1185 1349 1303 1400 Laudato
1319 1350 1408 1414 Ipsum
1420 1350 1485 1400 Caeli

507 1416 660 1472 caelorum:
677 1416 800 1465 Laudent
817 1415 924 1465 Nomen
937 1415 1072 1479 jehovae:
1092 1414 1210 1465 Laudato
1222 1414 1352 1479 Jeltovam
1369 1432 1385 1466 e
1401 1416 1485 1473 terris:

507 1481 635 1530 exaltavit
648 1480 765 1531 laudem
776 1480 924 1530 omnibus
935 1480 1039 1543 populls
1049 1479 1159 1541 (Psolm
1171 1480 1269 1531 cxlviii.
1284 1494 1314 1530 1-
1296 1494 1338 1543 -,5
1353 1482 1485 1543 7,13,14);

428 1544 495 1595 “Ex
506 1561 552 1595 ore
565 1546 697 1596 infantum
709 1559 737 1595 et
749 1544 905 1595 ladlcntium
918 1544 1051 1608 perfecisti
1065 1544 1204 1595 Laudcm’'
1217 1546 1325 1607 (Mani.
1337 1549 1389 1598 xxi.
1402 1546 1452 1611 16);

400 1610 410 1623 ”
428 1611 550 1661 “Omnis
562 1612 762 1674 populusdedit
775 1611 893 1661 Laudem
907 1610 989 1659 Deo”
1000 1610 1074 1672 (Luc.
1086 1611 1160 1661 xviii.
1171 1611 1241 1673 43).

425 1674 545 1737 (Praeter
556 1677 628 1735 alibi
640 1688 672 1726 ut
681 1678 756 1740 Esar
767 1677 823 1726 xlii.
836 1678 867 1735 8;
895 1690 953 1739 cap.
965 1676 1000 1725 lx.
1014 1677 1060 1735 18;
1092 1676 1180 1742 Joel
1163 1692 1190 1726 u
1202 1677 1250 1737 2⁶3
1277 1678 1377 1729 Psalm.
1388 1678 1484 1735 exilis,

508 1755 540 1803 3,
562 1715 661 1794 Psalm.
672 1743 751 1793 cxvii.
765 1742 800 1801 1.)

380 1856 475 1920 Haec
495 1878 580 1939 quae
599 1859 632 1921 in
650 1858 715 1921 hoc
731 1878 828 1921 versu
848 1856 1013 1931 dicuntur,
1032 1876 1099 1919 non
1118 1877 1154 1921 se
1173 1856 1319 1921 referunt
1337 1858 1379 1921 ad
1397 1876 1487 1940 prae-

375 1952 533 2016 cedentia
552 1954 593 2015 de
613 1952 799 2033 Babylone,
819 1951 879 2014 sed
898 1951 941 2013 ad
963 1952 1140 2032 sequentia
1157 1952 1201 2015 de
1220 1951 1252 2013 N
1255 1973 1319 2015 ova
1341 1951 1488 2021 Ecclesia

375 2069 395 2111 a
415 2049 562 2111 Domino
580 2047 806 2119 instauranda,
826 2046 869 2109 de
888 2066 953 2127 qua
972 2047 1004 2108 in
1024 2047 1241 2127 sequentibus
1260 2044 1312 2109 hic
1332 2047 1445 2128 agitur.
1529 2128 1532 2135 ,

435 2140 534 2206 81⁰.
562 2139 626 2201 ‘fr
647 2138 739 2220 porei
758 2144 793 2201 st
812 2137 952 2220 mugni,''
976 2136 1142 2219 significat
1168 2138 1230 2219 qui
1252 2138 1289 2200 in
1314 2138 1436 2201 minori
1455 2146 1489 2199 et

375 2231 499 2316 majori
516 2231 631 2313 gradu
656 2229 764 2294 colunt
788 2229 965 2293 Dominum
992 2250 1035 2292 er
1059 2230 1149 2293 veris
1166 2228 1256 2312 fidei
1277 2240 1309 2292 et
1333 2251 1375 2292 ex
1401 2228 1488 2292 bonis

374 2326 616 2390 omorio—Per
636 2332 785 2407 “parvos
803 2333 839 2387 et
863 2344 1006 2405 magnos
1014 2323 1030 2348 ’³
1048 2324 1080 2386 in
1100 2324 1244 2387 naturali
1266 2322 1374 2388 Sensu
1392 2321 1487 2386 intel·

376 2421 524 2501 liguntur
542 2421 597 2502 qui
620 2421 653 2482 in
675 2419 794 2481 minori
817 2429 852 2481 et
876 2417 991 2498 majori
1014 2417 1120 2499 gradu
1143 2419 1320 2499 dignitatis
1338 2428 1434 2494 sunt;
1455 2418 1486 2479 in

374 2513 538 2597 spirituali
553 2524 667 2576 autem
684 2511 801 2587 sensu,
819 2513 922 2595 quiin
940 2512 1058 2575 minori
1074 2522 1109 2575 et
1129 2512 1244 2592 majori
1260 2511 1367 2593 gradu
1383 2511 1486 2575 cultus

377 2610 513 2672 Domini
542 2618 631 2681 sunt,
662 2608 709 2670 ita
738 2608 793 2689 qui
822 2605 939 2669 colunt
971 2607 1153 2670 Dominum
1183 2607 1291 2669 minus
1320 2616 1356 2670 et
1386 2606 1487 2689 magis

374 2701 491 2767 sancte
518 2713 553 2766 et
576 2693 680 2784 ¹plene
707 2723 752 2764 ex
780 2703 868 2764 veris
894 2700 970 2765 fidei
1000 2712 1035 2765 et
1061 2722 1106 2765 ex
1133 2702 1231 2765 bonis
1257 2703 1401 2780 amoris3
1427 2702 1486 2765 hoc

373 2796 589 2879 significatur,
607 2797 687 2878 quia
701 2796 851 2877 sequitur
867 2807 944 2877 post
965 2795 1147 2859 “Laudate
1166 2794 1275 2858 Deum
1297 2793 1485 2878 [nostrum]

372 2912 491 2954 omnes
507 2891 593 2952 servi
609 2889 717 2971 Ipsius
733 2900 768 2952 et
785 2891 945 2953 timentes
961 2889 1103 2972 Ipsum,’'
1116 2911 1176 2973 per
1190 2910 1276 2972 quae
1291 2889 1373 2954 talia
1389 2891 1486 2974 signi·

372 2997 493 3049 cantur
513 2984 558 3067 (n.
576 2987 657 3064 809;
681 2983 834 3046 videatur
853 2985 956 3048 etiam
976 3005 1006 3048 n.
1028 2999 1097 3066 527,
1116 2984 1206 3065 604).

432 3077 525 3143 811.
551 3086 636 3153 [Vm.
648 3085 687 3152 6.]
713 3074 779 3136 ‘fl
791 3075 893 3137 audiri
910 3083 1054 3160 tunquam
1077 3094 1178 3138 mosen
1193 3075 1302 3139 iuriae
1321 3077 1489 3150 molinaei

372 3171 516 3250 tanquam
532 3186 633 3229 rocem
648 3185 797 3248 nouorum
814 3165 988 3239 multorum,
1003 3173 1038 3229 et
1054 3173 1198 3248 tunquam
1215 3185 1316 3229 rocem
1330 3169 1487 3230 tonitruum

373 3256 597 3329 vehementium,
612 3256 773 3320 dicentium
793 3254 931 3338 Allelujn,
948 3257 1018 3338 quin
1032 3262 1147 3338 regnet
1166 3256 1308 3319 dominus
1328 3257 1411 3322 deut
1425 3257 1487 3321 lm·

371 3346 545 3428 nrpotonr,''
558 3344 726 3427 significat
743 3346 911 3427 gaude'um
932 3345 1141 3428 Angelorum
1162 3346 1275 3428 infimi
1293 3345 1322 3412 C
1322 3347 1399 3423 aeli,
1415 3348 1486 3411 An·

366 3437 515 3520 gelorurn
544 3437 646 3500 medii
673 3437 703 3502 C
702 3438 776 3513 aeli,
804 3449 836 3502 et
863 3437 1070 3520 Angelorum
1097 3439 1248 3519 supremi
1276 3437 1378 3515 Caeli,
1406 3437 1490 3522 quod

371 3531 468 3596 Solus
486 3532 647 3595 Dominus
667 3543 780 3613 regnet
801 3535 836 3597 in
859 3531 1005 3595 Ecclesia
1023 3553 1108 3615 qnae
1128 3553 1212 3594 nunc
1232 3543 1373 3598 ventura
1389 3543 1486 3597 est.-

370 3628 432 3691 Per
456 3625 627 3689 “vocem''
649 3625 857 3707 significatur
885 3627 1043 3708 gaudium
1068 3626 1188 3701 cultus,
1212 3626 1431 3691 consessionis
1452 3637 1485 3690 et

369 3721 606 3786 celebrationis
633 3719 780 3790 Domini.
804 3723 881 3804 quia
904 3722 1053 3803 sequitur
1075 3721 1165 3805 quod
1188 3723 1337 3786 dixerint
1362 3729 1381 3756 ‘⁴
1393 3722 1484 3786 Alle-

370 3814 464 3896 luja‚‘'
479 3825 515 3878 et
532 3814 607 3877 dein
626 3816 860 3896 “gaudeamus
879 3825 914 3878 et
933 3815 1137 3890 exultemus,
1155 3826 1190 3879 et
1208 3815 1327 3880 demus
1345 3817 1485 3899 gloriam

370 3908 466 3992 Ipsi.”
525 3909 585 3971 Per
609 3914 756 3971 “vocem
784 3911 902 3972 turbae
929 3909 1079 3972 multae”
1101 3908 1308 3991 significatur
1330 3913 1485 3994 gaudium

370 4003 583 4084 Angelorum
606 4002 709 4065 infimi
739 4001 842 4077 Caeli,
867 4013 903 4065 ut
927 4023 1026 4086 supra
1051 4002 1097 4085 (n.
1121 4001 1219 4085 803):
1258 4025 1317 4086 per
1340 4011 1483 4069 “vocem

369 4118 529 4179 aquarum
546 4096 725 4159 multarum
735 4095 751 4121 '⁹
764 4096 970 4178 significatur
986 4099 1144 4178 gaudium
1158 4098 1372 4180 Angelorum
1389 4098 1485 4163 medii

368 4191 473 4266 Caeli,
494 4200 530 4253 ut
553 4209 652 4271 supra
676 4189 723 4272 (n.
744 4190 843 4272 614);
867 4191 957 4273 quod
981 4193 1098 4254 horum
1122 4193 1281 4274 gaudium
1304 4194 1352 4256 ita
1374 4192 1486 4257 audita

368 4288 424 4362 sit,
446 4295 499 4349 est
522 4286 597 4368 quia
621 4290 756 4366 “aquae
779 4285 905 4348 multae
914 4285 929 4310 ''
947 4285 1139 4366 significant
1161 4305 1240 4348 vera
1262 4286 1295 4348 in
1319 4289 1416 4370 copia
1440 4285 1483 4370 (n.

370 4395 419 4461 50,
438 4381 510 4459 614,
529 4377 619 4461 685),
639 4390 675 4442 et
697 4377 825 4462 Angeli
849 4381 948 4443 medii
971 4379 1066 4444 Caeli
1088 4382 1121 4443 in
1144 4381 1230 4442 veris
1253 4390 1331 4444 sunt
1354 4382 1431 4463 quia
1452 4381 1484 4442 in

366 4473 612 4555 intelligentia:
636 4495 695 4556 per
714 4479 862 4537 “vocem
885 4476 1070 4537 tonitruum
1090 4473 1341 4537 vehementium
1349 4474 1364 4499 ”
1383 4475 1483 4556 signi-

365 4567 485 4632 ficatur
502 4566 661 4648 gaudium
681 4566 894 4648 Angelorum
918 4569 1062 4650 supremi
1085 4567 1198 4645 Caeli;
1221 4569 1312 4650 quod
1335 4589 1404 4632 vox
1428 4589 1483 4631 seu

366 4682 477 4726 sermo
505 4661 638 4725 illorum
667 4663 821 4726 audiatur
847 4664 934 4728 sicut
961 4663 1098 4740 tonitru,
1127 4664 1282 4728 videatur
1309 4683 1410 4747 supra
1437 4663 1482 4746 (n.
