3384 5400
297 685 368 756 „rao
739 680 993 738 nrocnnrnsu.

304 855 477 951 Babylon,
497 855 581 929 urbs
603 854 658 929 illa
678 880 821 953 magna,
840 854 926 951 quia
942 880 990 928 ex
1003 855 1089 929 vino
1110 855 1183 929 irae
1200 856 1425 931 scortationis

302 997 389 1045 suae
407 971 545 1068 potavit
562 997 691 1046 omnes
707 988 849 1069 gentes,

352 1107 386 1174 9.
421 1085 470 1159 Et
491 1086 616 1159 tertius
640 1083 808 1183 Angelus
830 1101 975 1160 secutus
997 1098 1054 1158 est
1077 1083 1164 1168 illos,
1186 1084 1310 1160 dicens
1331 1111 1426 1162 voce

302 1223 444 1296 magna,
468 1199 508 1274 Si
529 1199 610 1297 quis
632 1199 791 1273 Bestiam
814 1199 1028 1281 adoraverit,
1050 1214 1088 1272 et
1111 1199 1307 1298 imaginem
1334 1201 1423 1299 ejus,

301 1328 340 1386 et
351 1313 528 1411 acceperit
540 1311 784 1414 characterem
797 1339 907 1410 super
919 1313 1036 1388 fronte
1053 1339 1120 1390 sua
1135 1329 1174 1387 et
1189 1339 1301 1410 super
1314 1339 1423 1390 manu

300 1449 376 1506 sua,

357 1555 411 1607 10.
446 1533 494 1607 Et
504 1533 560 1608 ille
571 1534 670 1607 bibet
680 1559 727 1608 ex
738 1534 823 1609 vino
835 1534 908 1608 irae
923 1534 996 1607 Dei
1006 1533 1121 1607 mixto
1132 1558 1234 1607 mero
1245 1534 1281 1606 in
1292 1532 1424 1631 poculo

301 1647 620 1722 excandescentiae
645 1649 773 1744 Ipsius,
794 1664 832 1722 et
854 1647 1065 1722 cruciabitur
1087 1647 1172 1746 igne
1193 1663 1231 1721 et
1252 1647 1423 1747 sulphure

300 1785 422 1835 coram
440 1759 573 1836 sandtis
591 1762 745 1861 Angelis
762 1779 799 1836 et
816 1787 938 1836 eoram
956 1762 1081 1860 Agn0.
1108 1841 1111 1844 ,

357 1900 411 1949 11.
446 1874 494 1949 Et
519 1877 638 1951 sumus
663 1875 838 1950 cruciatus
864 1874 1003 1950 illorum
1020 1875 1193 1950 ascendet
1218 1874 1254 1948 in
1279 1873 1422 1952 saecula

301 1989 536 2074 saeculorum,
567 2005 605 2064 et
635 2016 710 2064 non
744 1990 930 2065 habebunt
958 1990 1121 2085 requiem
1152 1989 1212 2062 diu
1242 2005 1280 2063 et
1309 1987 1421 2064 noctu

301 2103 493 2178 adorantes
511 2104 669 2178 Bestiam
687 2119 724 2178 et
742 2105 938 2204 imaginem
951 2104 1039 2203 ejus,
1054 2118 1091 2176 et
1107 2103 1137 2177 si
1151 2103 1233 2199 quis
1246 2103 1424 2200 acceperit

302 2216 546 2293 charadterem
566 2219 721 2293 nominis
737 2219 826 2317 ejus.

357 2357 411 2406 12.
450 2329 547 2406 Hid¹¹
573 2333 744 2431 patientia
768 2329 976 2406 sanctorum
1003 2347 1069 2415 est,
1095 2331 1153 2405 bic
1177 2330 1422 2406 custodientes

302 2450 471 2524 mandata
489 2451 561 2524 Dei
578 2466 616 2524 et
633 2450 742 2524 fidem
757 2450 845 2547 Jesu
862 2449 1005 2525 Christi.

357 2587 410 2658 13.
446 2565 494 2638 Et
510 2564 630 2638 audivi
648 2590 777 2638 vocem
795 2587 817 2638 e
834 2564 948 2639 Caelo
965 2564 1146 2637 dicentem
1167 2562 1265 2646 mihi,
1284 2561 1421 2645 Scribe,

301 2678 405 2753 'Beati
423 2678 557 2754 mortui
578 2679 613 2754 in
641 2677 804 2753 Domino
827 2678 1023 2753 morientes
1048 2704 1071 2753 a
1094 2703 1207 2762 nunc;
1242 2677 1317 2753 imo
1339 2677 1424 2753 dicit

303 2792 466 2889 Spiritus,
491 2810 532 2867 ut
554 2794 781 2890 requiescant
803 2819 852 2867 ex
876 2792 1060 2872 laboribus
1082 2792 1166 2877 suis,
1190 2818 1302 2891 opera
1324 2794 1420 2868 enim

303 2906 442 2981 illorum
461 2924 661 3005 sequuntur
676 2932 758 2983 cum
776 2908 850 2982 illis.

359 3044 413 3113 14.
449 3022 498 3095 Et
510 3022 593 3104 vidi,
607 3038 645 3096 et
657 3047 741 3096 ecce
756 3023 872 3096 nubes
884 3020 975 3105 alba,
989 3037 1027 3095 et
1039 3047 1150 3118 super
1163 3022 1260 3095 nube
1278 3022 1423 3097 Sedens

300 3135 423 3210 similis
441 3136 532 3211 Filio
552 3137 733 3221 Hominis,
746 3136 886 3211 habens
902 3162 1012 3233 super
1024 3135 1141 3233 capite
1159 3136 1237 3210 Suo
1250 3162 1423 3212 coronam

200 3324 202 3333 ,
303 3274 459 3334 auream,
478 3266 516 3324 et
533 3251 569 3324 in
587 3276 696 3325 manu
715 3252 791 3326 Sua
807 3251 933 3325 falcem
950 3267 1102 3325 acutam.

358 3366 412 3438 15.
449 3365 496 3438 Et
506 3365 595 3438 alius
606 3365 773 3463 Angelus
786 3365 898 3439 exivit
911 3365 1109 3461 eTemplo,
1120 3364 1278 3439 clamans
1287 3390 1423 3464 magna

303 3504 394 3553 voce
414 3466 565 3553 Sedenti
591 3504 700 3576 super
720 3479 828 3563 nube,
848 3480 956 3553 Mitte
981 3479 1105 3553 falcem
1123 3479 1241 3553 Tuam
1258 3494 1296 3553 et
1313 3493 1421 3563 mete,

303 3593 389 3691 quia
406 3594 506 3668 venit
521 3593 604 3667 Tibi
621 3594 711 3667 hora
728 3593 899 3677 metendi,
917 3594 1002 3690 quia
1017 3594 1108 3667 aruit
1125 3593 1253 3666 messis
1269 3608 1396 3667 terrae.

302 3758 304 3763 -
358 3712 412 3781 16.
447 3707 495 3781 Et
512 3708 607 3781 misit
625 3708 768 3782 Sedens
785 3734 895 3804 super
912 3709 1009 3782 nube
1035 3706 1159 3782 falcem
1182 3707 1295 3781 Suam
1312 3732 1423 3805 super

303 3837 445 3905 terram,
464 3837 502 3895 et
518 3822 686 3895 demessa
702 3837 758 3895 est
774 3838 878 3896 terra.

359 3954 414 4027 17.
452 3936 501 4009 Et
516 3936 604 4009 alius
618 3936 784 4035 Angelus
798 3936 910 4010 exivit
926 3934 1118 4033 eTemplo
1131 3936 1231 4034 quod
1248 3936 1284 4009 in
1297 3934 1421 4019 Caelo,

303 4049 442 4124 babens
459 4065 497 4124 et
513 4049 570 4124 ille
586 4050 711 4124 falcem
729 4068 881 4125 acutam.

368 4168 422 4237 18.
457 4164 506 4237 Et
522 4164 609 4239 alius
628 4165 795 4263 Angelus
812 4164 924 4239 exivit
940 4190 987 4239 ex
1005 4164 1130 4248 Altari,
1144 4164 1282 4238 habens
1300 4180 1421 4262 potes-

303 4289 415 4348 tatem
433 4300 542 4371 super
559 4275 692 4372 ignem,
710 4292 749 4349 et
764 4275 930 4349 clamavit
946 4275 1102 4349 clamore
1119 4300 1255 4373 magno
1275 4274 1423 4349 habenti

303 4383 427 4459 falcem
453 4400 606 4468 acutam,
632 4385 765 4469 dicens,
794 4386 901 4460 Mitte
926 4401 1025 4459 tuam
1055 4385 1180 4458 falcem
1206 4400 1358 4468 acutam,
1384 4400 1424 4459 et

303 4498 485 4573 vindemia
507 4498 632 4574 botros
653 4499 781 4573 vineae
802 4514 929 4583 terrae,
950 4498 1036 4597 quia
1058 4498 1308 4573 maturuerunt
1327 4522 1423 4574 uvae

304 4636 392 4711 ejus
