3384 5400
303 713 365 784 530
621 709 869 762 APOCALYPSIS
891 711 1104 762 REVELATA.

300 883 451 960 Caelum,
479 884 521 947 de
550 903 618 966 quo
643 882 765 946 dicitur
794 883 827 946 in
852 882 1062 967 Apocalypsi
1087 881 1174 966 (cap.
1201 883 1275 948 xxi.
1306 881 1350 967 t),
1376 883 1422 949 sit

300 979 435 1043 Novum
459 975 599 1041 Caelum
621 997 667 1040 ex
690 976 898 1054 Christianis,
918 989 954 1043 et
974 979 1066 1063 quod
1088 979 1215 1060 priores
1238 977 1331 1042 Caeli
1353 979 1422 1042 sint

300 1096 345 1152 ex
363 1073 509 1156 antiquis
528 1081 563 1135 et
582 1092 627 1134 ex
646 1072 896 1155 antiquissimis,
916 1083 989 1137 tum
1009 1074 1099 1156 quod
1123 1072 1290 1136 Dominus
1312 1073 1346 1136 in
1369 1073 1421 1138 his

300 1167 410 1233 Caelis
436 1177 642 1248 agnoscatur
672 1187 732 1248 pro
762 1165 838 1230 Deo
865 1166 959 1232 Caeli
989 1177 1024 1232 et
1051 1167 1187 1242 Terrae,
1214 1163 1341 1232 dietum
1367 1177 1421 1232 est

300 1282 398 1346 prrus.

311 1431 313 1436 ,
358 1352 456 1419 618.
485 1351 885 1433 “Eirenopotuiidiaom
895 1351 1422 1434 Canticummiaiquamillicenium

300 1443 504 1526 quodraginta
519 1448 652 1524 quatuor
663 1441 792 1516 millir,''
803 1442 974 1524 significat
985 1443 1077 1524 quod
1087 1463 1150 1505 non
1161 1442 1228 1506 alii
1240 1463 1286 1529 ee
1296 1441 1326 1508 C
1325 1442 1420 1506 liris·

299 1535 402 1600 te'ane's
417 1535 586 1615 potuerint
603 1534 793 1616 intellegere,
810 1544 841 1598 et
855 1534 904 1598 sic
919 1556 962 1598 ex
978 1556 1091 1598 amore
1106 1545 1138 1599 et
1146 1535 1221 1618 fide
1234 1553 1419 1616 agnoscere,

299 1630 389 1712 quod
405 1629 567 1695 Dominus
587 1628 685 1693 Solus
703 1629 749 1692 sit
769 1628 860 1692 Deus
881 1627 978 1694 Caeli
991 1638 1023 1692 et
1047 1627 1178 1702 Terrae,
1198 1649 1298 1718 quam
1320 1628 1381 1710 qui
1399 1649 1422 1692 a

298 1724 438 1797 Domino
450 1724 484 1786 in
496 1723 628 1786 Novum
639 1723 698 1787 hoc
712 1722 847 1789 Caelum
859 1723 982 1804 recepti
989 1724 1184 1787 sunt—Per
1197 1727 1217 1754 “
1226 1723 1397 1787 canticum
1405 1722 1420 1749 '’

300 1818 364 1881 hoc
385 1817 593 1900 significatur
607 1818 738 1898 agnitio
761 1828 796 1881 et
819 1817 1022 1898 glorificatio
1046 1817 1193 1892 Domini,
1212 1818 1303 1900 quod
1327 1816 1420 1881 Deus

300 1911 392 1976 Caeli
411 1923 446 1976 et
463 1913 587 1976 Terrae
603 1913 647 1975 sit
666 1910 712 1993 (n.
730 1927 800 1994 279,
816 1911 894 1993 617)
909 1933 917 1990 ;
940 1932 1000 1994 per
1017 1912 1175 1976 “discere
1183 1910 1198 1936 '’
1213 1910 1421 1992 significatur

298 2005 437 2070 interius
459 2007 493 2069 in
516 2027 552 2070 se
575 2006 746 2088 percipere
769 2005 860 2089 quod
883 2007 931 2070 ita
954 2006 1008 2079 sit,
1029 2005 1119 2087 quod
1141 2014 1195 2075 est
1217 2003 1420 2086 intelligere,

300 2111 334 2165 et
357 2101 404 2164 sic
428 2102 576 2182 recipere
598 2109 633 2164 et
656 2119 862 2182 agnoscere;
885 2100 941 2183 qui
959 2099 1059 2163 aliter
1081 2100 1191 2173 discit,
1212 2100 1239 2162 is
1262 2099 1361 2162 discit
1384 2108 1420 2163 et

301 2215 368 2258 non
395 2196 505 2270 discit,
533 2195 610 2277 quia
639 2213 707 2256 non
733 2195 878 2270 retinet;
916 2214 975 2275 per
1002 2198 1168 2256 “centum
1195 2192 1421 2275 quadraginta

300 2299 443 2372 quatuor
461 2287 588 2351 millia”
603 2286 838 2370 intelliguntur
854 2288 909 2370 qui
929 2286 1111 2351 Dominum
1130 2286 1246 2350 Solum
1265 2307 1325 2368 pro
1345 2286 1420 2350 Deo

300 2383 393 2447 Caeli
420 2392 456 2446 et
484 2383 609 2446 Terrae
635 2371 825 2464 agno'scunt
855 2379 902 2462 (n.
928 2381 1016 2464 612).
1070 2379 1171 2462 Quod
1198 2401 1267 2443 non
1293 2378 1348 2444 alii
1374 2402 1419 2444 ex

300 2477 498 2542 Christianis
517 2476 688 2558 potuerint
704 2475 833 2538 discere
852 2475 917 2538 hoc
934 2476 1113 2550 canticum,
1130 2473 1195 2538 hoc
1214 2485 1278 2550 est,
1295 2495 1420 2556 agnos·

299 2591 375 2636 cere
398 2571 488 2654 quod
519 2569 685 2633 Dominus
714 2567 813 2633 Solus
843 2570 887 2633 sit
919 2568 1011 2632 Deus
1034 2568 1127 2632 Caeli
1150 2579 1185 2633 et
1208 2569 1343 2645 Terrae,
1367 2578 1419 2633 est

300 2667 376 2754 quia
394 2665 438 2729 ab
456 2664 596 2729 infantia
617 2664 808 2728 imbuerunt
827 2663 918 2747 quod
941 2672 1011 2727 tres
1034 2663 1202 2727 Personae
1225 2653 1420 2729 Divinitatis

300 2771 425 2835 essent,
456 2755 635 2823 distindtae
664 2758 753 2822 inter
782 2779 838 2835 se;
877 2778 954 2821 nam
983 2758 1017 2821 in
1046 2757 1208 2821 Dolirina
1242 2757 1420 2822 Trrin'tatis

301 2856 432 2931 dicitur,
451 2853 560 2917 “Alia
578 2864 631 2917 est
653 2852 801 2917 Persona
820 2853 939 2927 Patris,
955 2852 1022 2916 alia
1037 2853 1123 2926 Filii,
1141 2862 1176 2916 et
1194 2852 1260 2916 alia
1278 2843 1420 2934 Spiritus

300 2946 416 3014 Sancti
429 2948 455 3025 ;'’
478 2958 561 3021 tum,
580 2948 708 3011 “Pater
724 2958 777 3011 est
794 2947 898 3022 Deus,
916 2947 1021 3010 Filius
1036 2956 1089 3011 est
1106 2945 1209 3022 Deus,
1226 2957 1261 3010 et
1277 2945 1419 3029 Spiritus

300 3041 444 3108 sanetus
467 3053 519 3106 est
543 3041 635 3105 Deus
648 3042 672 3119 ;’'
699 3052 734 3105 et
753 3042 891 3105 tametsi
914 3041 959 3105 ibi
981 3040 1135 3123 adjicitur
1153 3042 1243 3123 quod
1266 3041 1351 3107 Tres
1372 3042 1420 3105 illi

300 3138 417 3203 Unum
443 3138 522 3210 sint,
547 3157 651 3219 usque
677 3136 711 3199 in
738 3135 946 3218 cogitatione
969 3156 1029 3199 sua
1051 3136 1235 3200 diviserunt
1262 3134 1419 3201 Divinam

301 3233 495 3297 Essentiam
511 3234 544 3295 in
561 3232 656 3305 Tres,
670 3252 755 3315 quae
772 3242 887 3295 tamen
907 3250 974 3294 non
991 3230 1093 3294 dividi
1109 3239 1243 3312 potest;
1267 3240 1303 3294 et
1318 3251 1419 3314 prop-

301 3337 395 3391 terea
419 3328 596 3390 adiverunt
623 3326 768 3401 Patrem,
795 3326 874 3409 quia
899 3325 1027 3387 Primus
1053 3325 1087 3387 in
1114 3325 1230 3388 ordine
1257 3333 1319 3388 est.
1372 3325 1420 3389 Et

300 3422 435 3503 insuper
458 3421 688 3503 Antesignani
711 3421 745 3483 in
769 3418 926 3483 Ecclesia
948 3419 1135 3482 docuerunt
1158 3428 1195 3481 ut
1218 3428 1354 3485 orarent
1375 3419 1420 3483 ad

301 3516 436 3579 Patrem
459 3524 597 3597 propter
620 3512 741 3577 Filium
764 3524 801 3577 ut
825 3514 941 3577 mittat
964 3511 1123 3595 Spiritum
1147 3510 1330 3591 Sandtum3
1360 3533 1420 3597 per

300 3608 364 3673 hoc
385 3608 584 3673 confirmata
607 3618 659 3671 est
683 3608 758 3671 idea
778 3607 997 3689 cogitationis
1020 3606 1151 3669 illorum
1171 3606 1214 3669 de
1233 3605 1364 3681 Tribus,
1384 3615 1420 3670 et

300 3713 381 3766 tunc
406 3722 473 3766 non
500 3711 641 3785 possunt
666 3702 816 3783 cogitare
840 3701 883 3764 de
910 3701 997 3765 Filio
1020 3710 1056 3764 ut
1080 3699 1165 3775 Deo,
1189 3699 1320 3781 aequali
1343 3720 1419 3763 cum

300 3797 410 3872 Patre,
430 3808 466 3871 et
484 3816 551 3860 uno
571 3815 647 3859 cum
670 3795 779 3871 Patre,
800 3795 860 3858 sed
879 3795 922 3858 de
945 3795 1031 3857 Filio
1051 3804 1087 3857 ut
1105 3792 1236 3875 aequali
1259 3813 1334 3857 curn
1353 3794 1420 3857 alio

299 3890 446 3965 homine,
467 3891 604 3955 tametsi
627 3890 704 3973 Ipse
723 3888 835 3972 quoad
859 3888 1054 3952 Humanum
1077 3897 1130 3951 est
1153 3886 1251 3951 Solus
1272 3887 1418 3969 Justitia,

300 3995 336 4049 et
354 3994 495 4049 vocatur

375 4130 392 4153 “
400 4128 522 4193 Jehovah
534 4127 642 4193 Justitie
654 4126 768 4177 nostra”
779 4127 888 4193 (Jm.
899 4126 973 4177 xxiii.
986 4138 1009 4187 5,
1019 4126 1052 4187 6;
1075 4140 1133 4190 cap.
1144 4126 1236 4176 xxxiii.
1249 4138 1288 4187 ις,
1302 4126 1350 4189 16).

301 4278 358 4342 Ex
374 4276 431 4340 illa
447 4277 522 4340 idea
534 4275 751 4357 cogitationis
767 4275 910 4350 illorum,
924 4273 1048 4339 sactum
1063 4286 1117 4339 est
1129 4274 1220 4357 quod
1236 4295 1303 4338 non
1319 4284 1419 4357 potu·

301 4373 387 4436 erint
414 4370 701 4452 comprehendere
727 4370 817 4451 quod
849 4369 1014 4433 Dominus
1040 4378 1076 4433 ut
1103 4379 1203 4431 natus
1233 4370 1266 4432 in
1293 4369 1419 4433 mundo

301 4466 406 4549 possit
435 4465 526 4528 Deus
554 4463 648 4528 Caeli
674 4473 709 4527 et
734 4463 859 4526 Terrae
886 4484 970 4536 esse,
996 4472 1031 4526 et
1057 4463 1167 4526 adhuc
1195 4463 1304 4525 minus
1328 4461 1419 4545 quod

302 4558 400 4623 Solus
420 4558 512 4622 Deus
530 4558 584 4633 sit,
603 4568 772 4639 utcunque
787 4558 986 4620 audiverunt
1005 4566 1040 4621 et
1060 4556 1215 4638 legerunt
1232 4557 1345 4619 omnia
1361 4555 1420 4621 illa

302 4673 388 4737 quae
407 4673 507 4735 supra
525 4650 571 4734 (n.
590 4650 666 4735 613)
685 4650 789 4714 allata
808 4659 897 4728 sunt,
914 4660 949 4715 et
968 4670 1100 4733 quoque
1118 4650 1201 4714 haec
1220 4650 1283 4714 ibi:
