3384 5400
344 684 407 766 728
669 694 917 748 arocnnvrsrs
939 696 1163 747 ravanam:

344 866 499 931 videatur
511 887 611 950 supra
622 868 669 949 (n.
679 866 749 949 48),
760 866 816 931 ubi
828 865 960 943 similia,
972 876 1007 931 et
1020 866 1178 931 dicuntur
1189 866 1231 931 de
1245 866 1332 931 Filio
1346 866 1460 931 Homi-

345 963 407 1037 nis,
421 982 481 1045 per
497 961 608 1043 Quem
627 962 829 1044 intelligitur
848 961 1014 1027 Dominus
1030 962 1142 1046 quoad
1161 960 1314 1027 Verbum
1332 960 1379 1045 (n.
1397 962 1461 1044 44).

404 1058 500 1140 823.
529 1058 594 1121 “fr
609 1077 706 1139 super·
723 1058 824 1139 cupita
845 1057 942 1140 ipsius
962 1056 1135 1121 diademata
1154 1061 1286 1132 multu,''
1300 1062 1461 1144 significat

343 1151 472 1215 Dr'm'na
492 1174 575 1215 uera
601 1151 705 1215 Verbi
723 1151 766 1215 ab
787 1150 1059 1236 Ipso—“Super
1080 1154 1193 1237 capite
1201 1154 1216 1179 ”
1234 1154 1426 1238 significat¹¹¹
1443 1180 1462 1222 a

344 1246 513 1325 Domin0;
537 1267 596 1329 per
610 1251 630 1279 ⁴‘
639 1246 764 1330 caput”
776 1249 866 1311 enim
879 1246 1088 1329 significatur
1099 1251 1266 1332 sapientia
1281 1272 1327 1315 ex
1339 1272 1460 1327 amore,

344 1352 380 1405 et
399 1363 444 1404 ex
459 1344 572 1425 capite
582 1343 716 1425 regitur
733 1343 836 1406 homo
855 1363 915 1425 per
930 1344 1132 1426 sapientiam
1148 1366 1193 1409 ex
1212 1366 1338 1411 amore.
1383 1347 1463 1412 Visa

343 1448 423 1503 sunt
448 1438 673 1500 “diademata
696 1457 796 1520 super
818 1437 960 1520 capite,”
983 1439 1060 1521 quia
1088 1438 1210 1503 Divina
1234 1438 1326 1505 Vera
1349 1442 1460 1517 Verbi,

343 1554 430 1618 quae
453 1532 686 1615 significantur
711 1554 771 1616 per
794 1533 1048 1608 “diademata'’
1070 1533 1114 1596 ab
1141 1534 1221 1617 lpso
1243 1548 1342 1615 sunt;
1376 1538 1461 1622 quod

346 1628 592 1692 “diademata'’
618 1627 812 1710 significent
839 1628 963 1691 Divina
990 1628 1083 1692 Vera
1108 1629 1226 1705 Verbi,
1251 1632 1407 1696 videatur
1432 1654 1461 1696 n.

343 1740 416 1804 231,
433 1738 510 1804 340:
530 1723 621 1805 quod
639 1722 800 1804 “caput''
815 1723 871 1787 ubi
886 1723 930 1785 de
946 1722 1105 1799 Domino,
1123 1724 1290 1807 significet
1308 1726 1461 1791 Divinam

343 1818 554 1902 Sapientiam
579 1818 692 1881 Divini
715 1818 865 1891 Amoris,
889 1837 921 1880 n.
940 1832 1001 1898 47;
1024 1819 1104 1901 quid
1127 1838 1227 1902 porro
1252 1822 1412 1904 “caput,”
1432 1842 1461 1884 n.

346 1916 416 1995 538,
439 1908 526 1995 568ἓ11
571 1913 694 1976 Divina
717 1911 810 1976 Vera
831 1912 937 1977 Verbi
960 1912 993 1975 in
1016 1913 1144 1977 mundo
1167 1915 1330 1998 spirituali
1354 1936 1461 1980 corre·

343 2010 514 2092 spondent
528 2008 787 2083 diadematibus,
801 2017 837 2071 et
853 2027 898 2070 ex
913 2008 1216 2090 correspondentia
1227 2020 1393 2093 apparent
1408 2011 1461 2085 ibi,

344 2113 379 2168 et
398 2106 431 2167 in
451 2102 557 2168 Caelo
575 2104 675 2185 super
693 2104 807 2185 capite
824 2100 959 2165 illorum
978 2103 1033 2185 qui
1052 2098 1207 2167 sanetum
1230 2104 1358 2169 habent
1377 2104 1461 2170 Ver-

343 2200 433 2262 bum.
480 2198 564 2261 lnde
583 2197 745 2280 estquod
766 2196 1013 2263 “diademata”
1031 2195 1223 2279 significent
1245 2198 1368 2265 Divina
1386 2222 1463 2266 vera

344 2293 450 2357 Verbi
468 2294 502 2356 in
521 2292 630 2357 Sensu
650 2292 769 2356 literae
788 2290 877 2374 ejus;
901 2302 1086 2366 causaest,
1106 2294 1184 2375 quia
1203 2292 1327 2358 Sensus
1346 2295 1462 2361 literae

342 2389 532 2453 translucet
551 2409 571 2451 a
591 2386 699 2451 Sensu
717 2386 881 2470 spirituali
896 2396 933 2451 et
949 2386 1089 2451 caelesti
1107 2388 1188 2469 ejus,
1206 2390 1293 2453 sicut
1308 2390 1463 2456 diadema

342 2506 363 2547 a
382 2484 500 2658 lug*
529 2575 677 2637 “lirim
690 2574 801 2635 lorum
814 2572 972 2654 garritum,
987 2574 1070 2656 ΨΜ
1086 2593 1174 2637 ”⁰⁸¹⁰
1187 2576 1268 2640 'mi‘
1283 2577 1347 2641 ’Μ
1362 2578 1463 2661 ’Μή

343 2668 512 2751 significat
541 2668 631 2750 quod
658 2666 754 2749 quale
781 2677 832 2731 est
863 2666 1006 2732 Verbum
1034 2668 1069 2731 ἐκ
1098 2668 1205 2734 Sensu
1233 2671 1410 2753 spirituali
1433 2683 1465 2738 et

341 2764 475 2828 caelesti
492 2765 571 2847 q'us,
592 2782 682 2825 nemo
703 2761 817 2825 vriieat
837 2783 937 2845 quam
958 2763 1131 2839 Dominus,
1150 2774 1184 2828 et
1202 2767 1257 2828 cui
1274 2767 1354 2849 lpse
1373 2789 1462 2833 reve-

343 2857 509 2921 laa-Per
532 2856 709 2919 “nomen'’
734 2856 944 2939 significatur
969 2858 1069 2941 quale
1095 2859 1233 2941 alicujus
1262 2860 1308 2944 (n.
1337 2863 1404 2945 165,
1428 2874 1462 2928 et

342 2952 458 3036 alibi);
482 2953 547 3026 hic,
567 2953 666 3034 quale
686 2949 802 3027 Verbi,
822 2973 881 3016 seu
904 2953 1003 3037 quale
1025 2953 1178 3018 Verbum
1201 2967 1254 3020 est
1277 2958 1378 3034 intuS,
1399 2960 1461 3023 hoc

342 3059 407 3122 est,
431 3050 464 3111 in
488 3045 596 3112 Sensu
618 3045 782 3129 spirituali
808 3057 843 3111 et
867 3048 1008 3112 caelesti
1031 3048 1119 3130 ejus:
1154 3049 1276 3115 dicitur
1300 3053 1461 3118 “Nomen

342 3143 535 3225 scriptum‚”
557 3143 634 3225 quia
658 3139 810 3205 Verbum
833 3152 886 3206 est
909 3153 981 3206 tam
1004 3144 1094 3226 apud
1120 3144 1275 3210 homines
1298 3147 1331 3210 in
1355 3151 1460 3224 terris,

342 3257 443 3321 quam
471 3239 559 3320 apud
590 3238 733 3319 angelos
761 3239 793 3301 in
822 3236 934 3302 Caelis
963 3237 1134 3321 (videatur
1159 3240 1324 3305 Dotirina
1350 3243 1464 3308 Novae

341 3331 603 3413 Hierosolymue.
616 3332 657 3394 de
684 3331 867 3413 Scriptura
896 3332 1013 3408 Sacra,
1042 3353 1074 3396 n.
1098 3333 1228 3417 70-75).
1288 3337 1351 3400 Per
1373 3337 1462 3421 quod

344 3432 474 3491 “nemo
490 3428 584 3489 novit
602 3428 664 3489 nisi
681 3426 781 3508 Ipse”
793 3425 1002 3509 significatur
1013 3429 1103 3511 quod
1121 3449 1222 3492 nemo
1234 3431 1349 3495 videat
1362 3453 1462 3515 quam

343 3521 420 3604 Ipse
434 3521 610 3594 Dominus,
622 3532 658 3585 et
671 3522 723 3584 cui
736 3521 814 3603 Ipse
825 3521 967 3597 revelat,
981 3523 1045 3586 hoc
1059 3533 1123 3599 est,
1134 3525 1234 3607 quale
1247 3531 1301 3588 est
1311 3525 1462 3592 Verbum

341 3617 375 3678 in
392 3615 500 3678 Sensu
512 3615 685 3697 spirituali.
731 3614 832 3697 Quod
849 3636 950 3680 nemo
963 3617 1077 3681 videat
1094 3617 1238 3682 Sensum
1254 3620 1462 3703 spiritualem

341 3710 448 3774 Verbi
474 3729 576 3792 quam
605 3709 703 3773 Solus
732 3710 908 3788 Dominus,
934 3720 970 3775 et
997 3713 1075 3776 inde
1102 3713 1192 3796 quod
1219 3734 1322 3778 nemo
1348 3715 1462 3781 videat

340 3805 436 3868 illum
456 3803 599 3868 Sensum
616 3806 678 3867 nisi
697 3826 717 3867 a
736 3805 896 3882 Domino,
914 3815 949 3870 et
966 3806 1055 3890 quod
1074 3827 1177 3871 nemo
1195 3829 1215 3871 a
1235 3808 1385 3873 Domino
1400 3813 1461 3876 nisi

340 3901 374 3963 in
402 3899 532 3962 Divinis
556 3901 643 3962 veris
669 3900 713 3963 ab
737 3900 816 3984 Ipso
842 3902 897 3977 sit,
922 3903 1076 3966 videatur
1101 3901 1134 3966 in
1162 3902 1327 3969 Doiirina
1349 3905 1461 3969 Novae

339 3993 591 4075 Hr'erosolymae
607 3994 647 4057 de
665 3994 846 4079 Scriptura
865 3995 974 4060 Sacra
993 3994 1040 4079 (n.
1060 3997 1126 4080 26).
1303 4079 1307 4086 Ι

401 4091 497 4173 825.
518 4102 604 4168 [Vera
620 4102 673 4169 ῃ]
692 4092 758 4155 ‘fr
765 4090 1004 4156 circumluuntur
1015 4094 1191 4158 matimonio
1198 4093 1294 4158 tinulo
1302 4097 1461 4179 sanquine,

341 4185 376 4242 ot
389 4185 516 4243 roratur
528 4181 641 4245 lumen
660 4181 758 4264 ipsius
780 4181 905 4246 vertum
924 4183 1015 4257 Μ’
1029 4184 1196 4266 significat
1211 4185 1378 4250 Divinum
1401 4186 1459 4250 Ve-

340 4295 417 4336 rum
443 4274 478 4336 r'n
505 4274 611 4339 Sensu
637 4275 761 4351 ultimo,
785 4297 842 4339 seu
873 4275 1014 4340 Verbum
1040 4278 1075 4341 r'n
1100 4277 1210 4353 litera,
1234 4279 1289 4342 cui
1307 4279 1461 4342 vr'olentia

340 4367 438 4431 illata
449 4369 615 4433 esa-Per
626 4371 920 4434 “vestimentum'’
930 4371 1138 4453 significatur
1147 4393 1263 4436 verum
1276 4374 1459 4438 investiens

339 4462 467 4526 bonum
492 4462 539 4544 (n.
567 4465 635 4539 166,
660 4481 732 4540 212,
754 4465 851 4548 328);
876 4476 911 4530 et
935 4487 1012 4530 curn
1035 4467 1078 4530 de
1101 4467 1228 4542 Verb0,
1253 4467 1459 4550 significatur

339 4555 493 4621 Verbum
518 4560 551 4621 in
579 4557 688 4643 Sensu
714 4559 843 4638 literae,
869 4561 921 4625 hic
949 4563 1038 4624 enim
1066 4572 1119 4625 est
1146 4563 1233 4626 sicut
1255 4565 1372 4638 vestis,
1395 4582 1459 4646 qua

340 4649 466 4715 Sensus
485 4653 666 4735 spiritualis
689 4664 724 4718 et
745 4654 904 4720 caelestis
926 4655 996 4739 ejus
1017 4667 1072 4722 est
1094 4657 1378 4722 circumindutus:
1403 4675 1459 4740 per
