3384 5400
360 677 425 745 606
682 695 929 747 APOCALYPSIS
952 695 1161 748 REVELATA.

291 837 293 848 ,
358 851 396 926 ¹et
415 863 565 939 tandem,

412 1001 430 1024 ⁴⁸
439 999 471 1052 In
491 998 540 1050 Die
558 998 605 1049 illo
616 1000 666 1049 erit
678 997 801 1062 plancius
813 1001 840 1049 in
854 998 1054 1064 Hierosolyma.
1064 1001 1132 1052 sicut
1143 997 1267 1064 punctus
1279 1001 1306 1051 in
1320 999 1481 1052 Hadadrinu·

492 1080 556 1116 mou
569 1065 597 1116 in
609 1067 679 1115 valle
692 1065 838 1130 Megiddon
846 1065 862 1087 ''
873 1069 954 1126 (veta.
967 1067 1025 1130 11);

360 1208 395 1262 et
415 1198 448 1260 in
467 1199 578 1281 capite
596 1206 778 1280 sequente:
837 1189 840 1196 ’

412 1333 429 1354 “
441 1329 473 1380 In
492 1329 542 1379 Die
560 1329 607 1380 illo
621 1329 674 1416 erit
689 1329 761 1407 tous¹
766 1339 878 1407 apertus
894 1329 987 1380 domui
1000 1328 1112 1381 Davidis
1129 1338 1157 1379 et
1173 1329 1367 1381 habitatoribus
1380 1329 1482 1380 Hiero·

411 1463 429 1485 ⁴⁴
438 1461 473 1512 ln'
484 1395 597 1588 {iiiiii
597 1393 897 1587 }ud(ecigntxiii011›isetae,
908 1470 936 1510 et
943 1460 1056 1510 induent
1064 1459 1183 1510 tunicm
1190 1461 1245 1524 pili,
1256 1471 1286 1511 ut
1294 1459 1481 1511 mentiantur'·

501 1541 571 1577 vers.
583 1540 617 1587 4.

362 1663 424 1726 Per
445 1660 573 1725 “Diem
595 1659 689 1724 illum
697 1659 712 1686 '¹
734 1659 943 1741 significatur
964 1659 1146 1724 Adventus
1170 1659 1316 1735 Domini,
1340 1669 1376 1724 et
1398 1668 1479 1724 tunc

360 1756 433 1819 finis
461 1754 636 1818 Ecclesiae
658 1755 782 1818 veteris
805 1763 839 1816 et
867 1755 1063 1837 principium
1090 1753 1266 1818 Ecclesiae
1289 1754 1418 1827 Novae,
1441 1765 1480 1818 ut

360 1871 458 1932 supra
475 1847 600 1913 dictum
617 1859 689 1927 est;
713 1848 790 1930 quid
807 1857 921 1911 autern
937 1848 981 1910 ibi
996 1868 1056 1930 per
1072 1847 1223 1911 “vallem
1240 1847 1481 1930 Megiddonis”

360 1943 576 2025 significatur,
594 1963 662 2007 non
677 1943 782 2005 videri
798 1952 924 2024 potest,
941 1943 1003 2004 nisi
1020 1943 1122 2004 series
1137 1962 1245 2005 rerum
1262 1943 1295 2004 in
1312 1963 1354 2004 eo
1369 1943 1480 2024 capite

361 2047 395 2100 et
414 2037 447 2098 in
463 2037 549 2098 binis
567 2036 784 2118 sequentibus
803 2035 891 2118 apud
915 2034 1009 2097 illum
1032 2035 1236 2118 Prophetam
1259 2056 1319 2119 per
1337 2034 1479 2099 Sensum

362 2129 566 2212 spiritualem
584 2130 784 2210 detegatur3
808 2149 905 2213 quae,
918 2130 996 2211 quia
1010 2128 1091 2193 mihi
1106 2126 1243 2192 detecta
1258 2139 1322 2204 est,
1339 2131 1478 2202 dicetur,

360 2225 420 2287 sed
439 2225 472 2286 in
491 2225 583 2288 brevi
603 2225 793 2287 summario.
839 2224 879 2286 In
897 2224 1009 2308 capite
1027 2223 1096 2299 xii,
1112 2223 1201 2305 apud
1220 2221 1429 2299 Sachariam,
1445 2225 1477 2286 in

360 2318 468 2384 Sensu
487 2319 649 2402 spirituali
668 2318 878 2393 describitur,

594 2451 669 2513 Quod
677 2451 805 2500 Dominus
809 2451 973 2515 fmcaluncs
983 2449 1017 2499 sit
1028 2449 1131 2499 Novam
1144 2449 1282 2499 Ecclesiam
1295 2447 1372 2516 (vers.
1388 2447 1430 2516 1);

594 2519 667 2580 Quod
676 2533 727 2566 non
739 2517 841 2580 alc'quc'a'
849 2518 980 2565 dollrc'nae
989 2524 1051 2566 tunc
1061 2519 1111 2565 m't
1120 2516 1150 2566 in
1163 2517 1275 2566 Ecclesia
1286 2517 1374 2576 veter-l,
1382 2523 1407 2565 et
1415 2516 1480 2581 quad

691 2584 743 2633 ideo
754 2583 950 2647 illam'ficga'curr'
960 2582 1037 2649 (vers.
1051 2595 1075 2641 2,
1087 2581 1114 2646 3)
1123 2599 1131 2642 ;

594 2651 668 2714 Quod
676 2666 727 2701 nan
739 2651 878 2729 intellellus
885 2651 944 2698 veri
952 2651 1068 2730 amplius,
1078 2650 1148 2698 mado
1158 2649 1231 2714 apud
1238 2649 1293 2698 c'llas
1300 2649 1348 2716 qui
1357 2648 1387 2700 ln
1405 2648 1477 2698 Verba

596 2785 670 2847 Quod
677 2716 1289 2849 lfllleiiciiccqiligbnsslingfficiloidvcixilen.
1302 2780 1345 2847 5);

595 2852 669 2915 Quod
682 2858 744 2899 tunc
759 2850 889 2899 Dominus
898 2857 949 2913 per
963 2866 1025 2899 vera
1044 2850 1116 2899 Verbi
1130 2850 1238 2898 destncet
1252 2850 1339 2897 emata
1348 2848 1431 2913 falsa,
1447 2864 1477 2896 ne

689 2917 818 2966 Delirc‘na
838 2916 929 2965 Novae
947 2916 1073 2965 Ecclesiae
1094 2916 1170 2964 alcied
1188 2932 1267 2981 quam
1286 2930 1378 2964 verane
1391 2916 1478 2963 -daceal

703 2997 768 3032 vens.
781 2982 797 3031 6
855 2999 862 3041 ;

594 2983 737 3113 anacim
747 2980 859 3099 ccciii
871 3048 900 3098 ce
911 3049 1040 3098 aonam
1051 3048 1081 3097 a
1091 3047 1203 3097 amam
1213 3048 1263 3095 me
1271 3045 1346 3113 (vers.
1359 3044 1404 3111 a);

594 3118 669 3179 Quaa'
676 3118 849 3166 destructum
858 3117 893 3164 sit
902 3132 985 3164 amnes
994 3122 1019 3165 et
1027 3115 1114 3164 omnia
1124 3130 1189 3179 quae
1198 3120 1286 3163 contra
1302 3113 1374 3162 illam
1385 3112 1476 3163 dallei·

689 3199 750 3231 nam
762 3187 823 3231 sunt
834 3180 910 3246 (vers.
923 3180 966 3247 9);

591 3249 631 3301 Er
639 3251 707 3314 qaod
714 3256 776 3297 tunc
786 3249 864 3297 Nova
875 3248 987 3297 Ecclesia
997 3264 1014 3295 a
1025 3246 1138 3297 Domino
1150 3244 1227 3312 (vera.
1242 3243 1300 3306 10);

590 3316 630 3367 Ec
639 3317 706 3381 quod
714 3322 776 3363 tunc
786 3314 874 3363 oceanea
889 3321 914 3363 et
928 3314 1030 3379 singula
1041 3314 1166 3363 Ecclesiae
1182 3313 1211 3361 in
1227 3313 1300 3361 lulla
1310 3317 1389 3361 erunt
1399 3308 1475 3379 (vers.

692 3380 799 3445 10-14);

358 3518 442 3581 haec
466 3525 545 3580 sunt
567 3514 741 3579 Contenta
760 3512 879 3593 capitis
897 3511 966 3582 xii..
985 3510 1019 3573 in
1042 3508 1151 3573 Sensu
1168 3507 1341 3591 spirituali.
1385 3506 1475 3571 Con·

359 3621 457 3677 tenta
475 3611 595 3693 capitis
613 3608 784 3689 sequentis
803 3606 871 3668 xiii.
890 3614 968 3668 sunt
987 3604 1090 3667 haec:

595 3740 668 3803 Quod
679 3747 728 3804 pro
750 3739 827 3788 Nova
846 3737 959 3786 Ecclesia
978 3736 1029 3785 ecit
1053 3734 1167 3795 Verbum
1186 3734 1274 3783 ellac
1292 3735 1345 3784 c'llc's
1362 3740 1476 3798 apertura

594 3873 670 3935 Quod
670 3806 884 3937 fiizmdogaeinae
894 3876 918 3918 et
927 3870 1008 3918 cultcer
1018 3876 1124 3932 promes
1133 3869 1294 3916 destruentur
1305 3864 1381 3933 (vers.
1395 3876 1420 3924 2,
1432 3863 1475 3930 3);

594 3940 668 4002 Quod
676 3944 826 3987 cessaturum
832 3936 1004 4001 propheticum
1012 3952 1055 3984 seu
1065 3934 1206 3984 doctrinale
1216 3940 1305 3991 vetem·
1321 3938 1346 3981 et
1351 3934 1420 3997 quod
1425 3946 1477 3980 non

688 4006 797 4068 amplius
801 4005 874 4069 salsa
884 4003 1015 4052 doc‘lrinae
1027 4001 1103 4063 (vers,
1115 4014 1140 4060 4,
1152 4000 1195 4063 5);

594 4072 670 4136 Quod
678 4071 814 4128 Dominus.
824 4070 916 4119 abillis
923 4070 970 4133 qui
979 4069 1008 4117 ἐκ
1016 4067 1098 4116 veleri
1106 4066 1219 4116 Ecclesia
1228 4072 1297 4124 sunl,
1306 4065 1437 4122 oceriletccn
1445 4080 1478 4112 eae

689 4138 826 4187 intentione
841 4143 872 4185 ccl
885 4134 1120 4200 daiperganturqcci
1134 4135 1241 4181 credunt
1254 4132 1283 4181 in
1300 4132 1386 4195 Ipsum
1399 4130 1477 4197 (vem.

595 4271 669 4335 Quae
682 4203 777 4336 qllir
793 4268 903 4318 accusa
919 4270 1049 4317 emmau
1060 4264 1175 4329 penne
1188 4265 1249 4322 aar,
1265 4270 1290 4313 ee
1303 4264 1372 4327 quoe
1384 4262 1432 4327 quc
1446 4261 1478 4310 a

690 4338 801 4387 Ecclesia
821 4336 897 4384 Nova
914 4334 1076 4401 punficandc'
1093 4338 1118 4381 et
1134 4332 1239 4381 docendi
1257 4331 1311 4380 sint
1328 4346 1345 4377 a
1365 4329 1479 4378 Domina

691 4404 767 4470 (vers.
780 4402 805 4461 8,
814 4402 858 4467 9);

360 4544 443 4608 haec
463 4552 540 4607 sunt
560 4540 732 4605 Contenta
751 4539 870 4621 capitis
889 4538 969 4612 xiii..
989 4537 1022 4599 in
1043 4534 1151 4600 Sensu
1169 4531 1340 4616 spirituali.
1384 4529 1476 4594 Con·

360 4650 459 4702 tenta
477 4638 595 4719 capitis
614 4636 682 4697 xiv.
702 4642 778 4696 sunt
798 4633 880 4695 haec
891 4651 900 4727 J
