3384 5400
361 658 424 742 ⁶5⁸
684 667 931 722 Atocntutsts
953 667 1164 719 navatam.

360 853 425 918 est,
449 841 554 906 homo
576 861 644 906 non
667 837 821 914 redemit,
845 841 923 923 quia
946 841 980 904 id
1002 841 1096 904 ducit
1117 840 1267 904 animum
1290 837 1371 922 ejus,
1395 839 1477 904 sicut

361 955 449 1000 vena
460 935 548 1002 fluvii
561 937 722 1000 torrentia
734 936 915 1017 navigium.
946 933 1060 1016 Quare
1072 933 1120 998 ilii
1129 934 1479 1018 quiseimmeraerunt

361 1028 426 1094 illis
441 1029 595 1111 jucundis
614 1039 650 1093 et
669 1030 831 1104 amoenis,
853 1049 921 1092 non
944 1038 1087 1112 possunt
1106 1027 1205 1092 aliter
1222 1028 1266 1091 ad
1280 1026 1428 1108 jucunda
1445 1039 1479 1090 et

361 1142 506 1187 amoena
524 1121 738 1188 affectionum
754 1124 878 1186 amoris
896 1123 977 1186 boni
994 1132 1030 1186 et
1046 1123 1115 1186 veri
1133 1123 1258 1198 venire,
1274 1141 1378 1205 quam
1395 1123 1478 1186 sicut

361 1215 408 1281 iili
427 1217 483 1301 qui
501 1217 612 1280 valida
631 1219 663 1281 vi
686 1217 812 1282 brachii
832 1226 956 1299 urgent
978 1236 1090 1282 remos
1110 1226 1231 1280 contra
1248 1237 1372 1281 venam
1394 1217 1478 1281 fluvii

362 1313 541 1376 torrentis:
565 1332 663 1376 secus
685 1322 800 1375 autem
823 1312 872 1376 illi
891 1312 947 1394 qui
970 1331 1038 1374 non
1060 1310 1225 1395 profunde
1246 1312 1479 1377 immerserunt

362 1427 409 1470 set

420 1511 515 1581 757.
539 1504 558 1535 '¹
565 1498 604 1560 ft
615 1496 755 1562 custodia
770 1496 866 1560 omnia
879 1497 1005 1578 spiritua
1022 1496 1175 1571 immundi,
1188 1503 1224 1561 at
1235 1497 1375 1561 camir
1389 1499 1480 1562 omm‘t

364 1587 430 1650 avit
449 1587 619 1652 immunda·
639 1593 674 1652 ai
692 1587 846 1660 στηθί’
860 1587 1029 1669 significat
1044 1588 1134 1669 quod
1144 1585 1238 1652 mala
1250 1587 1437 1654 voluntatis
1450 1599 1481 1652 et

362 1681 439 1744 inde
450 1679 553 1759 salii,
573 1701 614 1744 ac
623 1679 725 1761 falsa
742 1679 951 1761 cogitationis
968 1689 1001 1742 et
1021 1679 1097 1742 inde
1115 1679 1247 1743 consa'la’i
1264 1679 1409 1757 sitorum,
1427 1681 1484 1764 qui

362 1775 397 1838 ἐκ
418 1774 561 1855 infernis
583 1774 653 1838 illis
675 1784 764 1848 sunt,
783 1773 947 1838 diabolica
968 1773 1046 1849 sint,
1066 1774 1147 1856 quia
1167 1775 1284 1838 aversi
1301 1797 1324 1838 a
1345 1774 1481 1840 Domino

362 1869 412 1934 ad
417 1879 518 1933 sente!
526 1869 616 1950 ipsos
629 1867 823 1934 sunt—Per
834 1873 854 1900 “
862 1868 1071 1932 custodiam”
1080 1868 1289 1950 significatur
1301 1870 1479 1944 Insemum,

363 1963 440 2047 quia
458 1964 503 2028 ibi
521 1963 720 2028 incarcerati
738 1972 837 2042 sunt;
861 1983 921 2046 per
938 1963 1119 2046 “spiritum
1126 1963 1142 1988 ”
1157 1963 1367 2046 significatur
1382 1985 1480 2028 omne

363 2057 454 2140 quod
481 2055 667 2122 aiseiiionis
693 2078 752 2120 seu
778 2057 967 2126 voluntatis
992 2067 1028 2120 et
1053 2057 1133 2121 inde
1155 2054 1235 2122 sacti
1257 2068 1330 2135 est;
1368 2068 1403 2122 et
1426 2078 1482 2140 per

366 2159 385 2184 ¹·
394 2152 515 2216 avem”
531 2151 739 2234 significatur
754 2172 857 2218 omne
871 2152 963 2235 quod
977 2153 1198 2234 cogitationis
1213 2172 1273 2216 seu
1290 2149 1481 2217 intelieiius

364 2257 400 2312 et
423 2247 501 2311 inde
524 2246 655 2312 consilii
677 2256 730 2310 est
742 2268 750 2324 ;
781 2266 884 2329 quare
906 2265 966 2328 per
990 2247 1172 2329 “spiritum
1194 2245 1427 2310 immundum”
1447 2256 1480 2310 et

366 2345 494 2406 “auem
512 2341 720 2406 immundam
729 2340 743 2366 '¹
762 2338 995 2421 significantur
1010 2341 1126 2404 omnia
1149 2340 1240 2404 mala
1257 2361 1344 2424 quae
1364 2341 1480 2405 volun·

364 2437 447 2500 tatis
465 2445 501 2499 et
519 2435 597 2500 inde
616 2432 695 2498 iacti
713 2444 803 2510 sunt,
820 2443 857 2498 et
875 2434 990 2498 omnia
1007 2433 1092 2498 salsa
1105 2455 1192 2517 quae
1210 2435 1431 2517 cogitationis
1447 2444 1480 2498 et

364 2531 442 2600 inde
461 2529 591 2594 consilii
609 2539 687 2592 sunt
699 2551 712 2607 ;Ι
730 2539 766 2593 et
784 2530 862 2612 quia
880 2529 964 2592 haec
984 2538 1063 2592 sunt
1081 2529 1116 2592 in
1133 2528 1270 2593 infernis
1287 2529 1378 2612 apud
1396 2529 1479 2603 ilios,

364 2625 441 2689 ideo
470 2623 678 2707 significatur
706 2622 796 2707 quod
826 2622 884 2687 illa
913 2621 1082 2686 diabolica
1109 2623 1196 2687 sint:
1235 2633 1271 2687 et
1299 2625 1378 2707 quia
1406 2635 1481 2689 sunt

364 2720 473 2783 aversi
493 2719 681 2783 a'Domino
699 2719 742 2782 ad
761 2729 871 2783 semet
893 2719 995 2802 ipsos,
1015 2718 1138 2782 dicitur
1155 2719 1260 2783 etiam
1281 2721 1383 2783 “avis
1399 2740 1480 2785 exo·

364 2814 430 2877 sa.”
484 2814 545 2878 Per
574 2814 696 2878 simssia
723 2813 923 2879 describitur
952 2812 1059 2877 Babei
1087 2812 1178 2897 apud
1207 2812 1408 2897 Prophetas,
1435 2815 1482 2879 ita

365 2908 454 2992 apud
472 2906 637 2992 Esajam:

411 3058 428 3082 '⁸
437 3055 492 3107 Erit
505 3056 589 3106 Babel
606 3056 674 3105 sicut
687 3056 792 3106 eversio
805 3054 864 3115 Dei,
878 3054 997 3106 Sodoma
1013 3065 1041 3106 et
1057 3055 1225 3115 Gomorrha;
1249 3072 1304 3107 non
1321 3056 1482 3107 habitabitur

495 3122 523 3174 in
534 3133 682 3181 aeternum,
697 3122 735 3171 ita
744 3132 841 3171 utnon
853 3132 973 3171 moretur
988 3122 1025 3172 ibi
1037 3121 1141 3182 Araba3
1158 3124 1293 3172 cubabunt
1309 3124 1347 3173 ibi
1363 3124 1444 3183 taiim‚
1456 3132 1482 3171 et

434 3197 446 3206 '¹
496 3188 677 3252 implebuntur
688 3188 784 3237 domus
796 3201 889 3237 eorum
902 3188 999 3246 ochitn,
1012 3196 1040 3237 et
1056 3187 1216 3237 habitabunt
1228 3187 1265 3237 ibi
1276 3187 1347 3238 tiliae
1359 3186 1479 3245 noctuae,

495 3264 523 3303 et
539 3248 622 3317 satyri
634 3254 769 3303 saltabunt
781 3252 832 3313 ibi;
850 3254 1051 3316 respondebunt
1062 3253 1143 3302 etiam
1156 3250 1241 3315 ijimm
1251 3254 1279 3302 in
1291 3254 1398 3318 patruis
1415 3252 1479 3319 ejus,

495 3329 522 3369 et
533 3320 664 3369 dracones
674 3319 702 3368 in
715 3314 820 3382 paiatiia
831 3318 986 3369 deliciantur
997 3318 1057 3381 ejus
1063 3318 1078 3338 ”
1089 3318 1155 3381 (xiii.
1169 3321 1274 3382 19—aa);

365 3461 454 3547 apud
470 3462 634 3527 eundem:

416 3609 602 3661 “Exscindam
616 3608 708 3659 Babeii
720 3624 819 3660 nomen
838 3619 866 3660 et
882 3610 1035 3670 residuum
1056 3624 1157 3674 ponam
1169 3625 1230 3661 eam
1247 3610 1275 3661 iu
1291 3610 1480 3663 mreditaten

495 3674 652 3727 anatariae''
664 3676 728 3738 (xiv.
742 3687 782 3733 aa.
794 3675 853 3739 23);

365 3828 401 3883 et
419 3816 509 3901 apud
527 3816 736 3893 Jeremiam:

415 3964 447 4015 ln
461 3963 560 4015 Habete
574 3966 757 4015 “habitabunt
769 3965 841 4015 tzilrn
853 3974 880 4015 et
891 3965 948 4029 ijirn
966 3975 993 4015 et
1010 3966 1080 4016 tiliae
1091 3962 1215 4025 noctuae,
1228 3965 1305 4029 juxta
1314 3978 1480 4019 amonem

496 4028 556 4089 Dei,
570 4030 715 4081 Sodomam
733 4041 759 4080 et
772 4030 951 4081 Gomorrham
969 4041 996 4082 et
1013 4033 1116 4083 vicinas
1127 4032 1205 4096 ejus;
1231 4048 1286 4083 non
1304 4034 1436 4085 habitabit
1447 4031 1481 4082 ibi

495 4096 565 4145 itlius
576 4095 694 4146 hominis
702 4094 717 4116 ''
734 4096 761 4159 (l.
773 4109 814 4159 39,
824 4099 878 4158 40).

365 4238 421 4303 Ex
434 4240 486 4303 his
498 4249 604 4322 patet.
619 4240 709 4322 quod
726 4259 785 4322 per
798 4241 1019 4305 “custodiam
1034 4242 1145 4305 omnis
1160 4242 1295 4324 spiritus
1307 4243 1478 4316 immundi,

364 4344 400 4398 et
416 4336 526 4399 omnis
541 4335 612 4397 avis
627 4334 822 4398 immundae
837 4344 873 4398 et
889 4336 1046 4410 exosae,”
1061 4334 1270 4418 significetur
1284 4336 1375 4420 quod
1394 4337 1480 4403 maia

364 4428 552 4494 voluntatis
575 4439 610 4493 et
633 4428 712 4492 inde
729 4426 818 4503 fatti,
838 4448 878 4493 ac
901 4428 986 4493 falsa
1007 4432 1227 4511 cogitationis
1244 4441 1280 4496 et
1302 4432 1383 4497 inde
1400 4450 1480 4498 cou-

364 4529 439 4604 silit,
463 4527 595 4592 illorum
618 4528 674 4609 qui
697 4528 730 4589 in
753 4526 889 4589 infernis
911 4525 977 4589 iilis
999 4536 1089 4602 sunt,
1112 4526 1280 4589 diabolica
1301 4530 1380 4602 sint,
1404 4530 1478 4611 quia

365 4624 473 4689 aversi
485 4643 505 4686 a
517 4620 666 4685 Domino
678 4621 722 4683 ad
734 4630 843 4684 semet
856 4622 948 4703 ipsos
960 4629 1048 4683 sunt.
1094 4618 1194 4702 Quod
1209 4622 1343 4685 “aves'’
1353 4619 1476 4704 signiti-
