3384 5400
349 674 415 742 724
672 668 920 721 APOCALYPSIS
943 666 1154 718 REVELATA.

350 862 427 908 cum
454 842 591 906 homine
619 840 805 915 Ecclesiae,
821 838 893 904 'seu
920 840 1068 922 nuptiae,
1096 838 1122 902 si
1149 837 1263 914 homo,
1291 846 1467 921 postquam

349 938 593 1023 paenitentiam
622 946 751 1017 egerat,
783 936 897 1019 Ipsum
927 931 1055 997 direc'te
1084 934 1175 1010 adit3
1213 934 1264 996 sin
1297 932 1405 1009 aliter,
1431 931 1466 996 fit

349 1034 540 1115 praesentia
555 1041 590 1095 et
606 1050 675 1094 non
691 1028 893 1111 conjundtio.
938 1028 994 1092 Ex
1012 1029 1063 1092 his
1079 1036 1239 1091 constare
1254 1036 1379 1109 potest,
1391 1026 1467 1109 quid

348 1147 408 1209 per
427 1131 596 1189 “caenam
604 1125 620 1151 ”
638 1136 673 1189 et
693 1130 864 1188 “caenare
872 1123 888 1149 ’'
906 1121 1114 1205 significatur
1133 1120 1212 1185 alibi
1231 1124 1263 1185 in
1283 1122 1408 1185 Verbo.

407 1217 500 1299 817.
527 1216 689 1289 ἨΜ
704 1216 789 1279 liceo
811 1216 903 1279 nerle
923 1230 996 1277 tent
1009 1220 1082 1277 tunt
1096 1214 1186 1285 aar?
1200 1213 1368 1295 significat
1383 1214 1470 1296 quod

347 1306 616 1373 hoc'credendum
633 1308 689 1385 sit,
706 1308 785 1390 quia
803 1330 825 1371 a
841 1306 992 1381 Domino,
1014 1325 1137 1388 nempe
1154 1306 1245 1388 quod
1265 1306 1384 1370 “beati
1402 1308 1467 1369 sint

347 1406 402 1489 qui
432 1405 475 1467 ad
506 1402 656 1467 Caenam
686 1404 877 1485 nuptiarum
909 1401 1003 1483 Agni
1032 1401 1145 1463 vocati
1174 1399 1282 1474 sunt,”
1310 1400 1375 1463 hoc
1404 1410 1465 1474 est,

347 1499 438 1583 quod
460 1500 531 1561 vita
553 1508 693 1561 aeterna
719 1498 763 1560 sit
789 1495 854 1559 illis
877 1496 909 1559 in
933 1496 1033 1558 terris
1053 1496 1110 1577 qui
1137 1496 1301 1577 recipiunt
1322 1515 1363 1558 ea
1384 1514 1468 1577 quae

348 1602 468 1667 Novae
487 1600 663 1665 Ecclesiae
682 1600 819 1664 Domini
837 1608 926 1663 sunt.

406 1694 505 1760 818.
528 1702 616 1772 [Vm.
632 1702 683 1771 ro]
708 1692 773 1755 ‘fr
787 1692 910 1773 procidi
927 1696 999 1753 onte
1016 1690 1114 1772 pedes
1133 1688 1203 1773 elne
1217 1691 1352 1753 odoror-e
1365 1690 1468 1765 iiionr

347 1792 382 1849 et
400 1784 476 1847 dixit
493 1784 574 1857 mili,
591 1782 669 1855 tiro,
690 1802 740 1854 no,
763 1799 932 1845 conterret
951 1786 1022 1843 tuor
1042 1798 1121 1853 rum,
1142 1787 1176 1843 ei
1195 1780 1329 1843 nmirum
1349 1786 1467 1843 inomni

347 1875 519 1938 nolentium
546 1873 872 1946 testimomonium
906 1872 1000 1935 Deum
1027 1870 1161 1941 adoru,”
1185 1870 1354 1951 significat
1381 1870 1472 1953 quod

347 1967 460 2049 angeli
477 1966 506 2031 C
505 1965 573 2029 aeli
587 1986 650 2028 non
667 1964 836 2029 adorandi
854 1974 886 2029 et
907 1963 1086 2039 invocandi
1104 1962 1182 2037 sint,
1201 1962 1281 2044 qnia
1299 1963 1388 2026 nt'iril
1404 1963 1467 2027 Di·

347 2062 462 2126 vinum
472 2070 524 2125 est
533 2060 614 2135 illis,
629 2060 691 2123 sed
698 2061 788 2142 qnod
798 2059 959 2123 assoczoti
967 2058 1037 2121 sint
1049 2057 1236 2121 hominibus
1248 2057 1332 2120 sicut
1334 2059 1469 2138 fratres

344 2156 525 2233 fratribus,
535 2154 605 2218 illis
617 2156 677 2237 qni
684 2155 792 2218 colunt
804 2154 991 2225 Dominum,
1001 2162 1034 2215 et
1045 2150 1092 2216 sic
1101 2152 1190 2234 quod
1199 2150 1296 2215 Solus
1307 2152 1469 2215 Dominus

347 2252 382 2316 in
399 2250 631 2314 consociatione
646 2270 718 2313 cnm
736 2250 806 2313 illis
823 2248 1017 2312 adorandus
1036 2246 1197 2311 sia-Per
1214 2252 1233 2279 “
1243 2247 1370 2328 procidi
1389 2256 1469 2311 ante

348 2346 452 2429 pedes
478 2344 548 2426 ejus
573 2346 715 2408 adorare
740 2343 845 2418 illum,
870 2354 904 2407 et
932 2344 1019 2406 dixit
1047 2341 1138 2416 mihi,
1164 2340 1253 2405 Vide
1280 2360 1333 2415 ne,
1359 2340 1470 2406 Deum

347 2438 481 2516 adora,‘’
496 2439 664 2522 significat
680 2439 771 2522 quod
790 2457 857 2502 non
875 2438 994 2520 aliquis
1009 2435 1150 2519 angelus
1166 2434 1259 2499 Caeli
1278 2434 1468 2499 adorandus

348 2548 384 2601 et
399 2536 607 2599 invocandus
622 2534 677 2607 sit,
690 2533 751 2597 sed
768 2533 866 2597 Solus
884 2532 1049 2595 Dominus
1062 2552 1069 2607 ;
1093 2552 1152 2613 per
1165 2536 1376 2594 “conservus
1392 2538 1469 2593 tuus

348 2650 433 2703 sum,
452 2640 488 2693 et
510 2629 649 2692 fratrum
672 2637 805 2691 tuorum
814 2627 829 2652 ”
848 2625 1016 2710 significat
1037 2626 1127 2708 quod
1151 2644 1218 2689 non
1243 2624 1402 2689 Divinum
1425 2625 1468 2687 sit

347 2725 482 2807 angelo,
505 2724 566 2800 sed
588 2723 679 2805 quod
702 2725 887 2786 associatus
911 2722 1038 2785 homini
1065 2731 1102 2784 ut
1128 2720 1231 2784 frater
1256 2719 1372 2798 fratri3
1410 2737 1470 2802 per

349 2818 502 2879 “habere
529 2816 760 2878 testimonium
784 2816 884 2896 Jesu”
907 2816 1114 2897 significatur
1139 2815 1230 2898 quod
1257 2814 1410 2878 similiter
1435 2815 1469 2878 in

348 2907 584 2991 conjunctione
610 2929 687 2972 cum
715 2910 863 2974 Domino
890 2912 944 2985 sit,
973 2931 1033 2993 per
1058 2911 1267 2991 agnitionem
1295 2909 1409 2972 Divini
1435 2909 1468 2972 in

350 3005 511 3068 Humano
532 3003 649 3084 Ipsius,
670 3013 704 3067 et
724 3023 783 3085 per
801 3006 907 3068 vitam
926 3004 1110 3067 secundum
1134 3013 1316 3085 praecepta
1340 3003 1468 3086 Ipsius;

348 3097 438 3180 quod
462 3097 545 3160 haec
569 3115 628 3177 per
646 3098 801 3162 “habere
822 3099 1054 3162 testimonium
1076 3097 1180 3179 Jesu”
1197 3095 1416 3179 significetur,
1436 3099 1470 3161 in

349 3201 514 3274 sequente
535 3191 679 3255 articulo
700 3193 877 3258 videbitur.
931 3192 1032 3274 Quod
1055 3192 1169 3276 angeli
1192 3192 1286 3256 Caeli
1309 3213 1377 3256 non
1402 3195 1471 3258 sint

349 3287 536 3367 superiores
552 3287 751 3362 hominibus,
765 3289 825 3351 sed
841 3288 932 3371 quod
948 3288 1015 3351 sint
1031 3308 1128 3370 pares
1144 3287 1218 3361 illis,
1236 3299 1271 3351 et
1287 3287 1378 3370 quod
1394 3289 1471 3352 ideo

349 3399 456 3462 aeque
470 3382 538 3443 sint
554 3383 639 3444 servi
657 3381 791 3445 Domini
808 3384 896 3446 sicut
911 3393 990 3446 sunt
1007 3383 1171 3456 homines,
1188 3392 1242 3445 est
1258 3385 1335 3464 quia
1350 3403 1471 3447 omnes
1489 3367 1494 3383 ’

350 3473 463 3554 angeli
485 3473 617 3537 suerunt
640 3476 803 3550 homines,
824 3478 895 3540 nati
918 3479 951 3540 in
975 3477 1112 3551 mundo,
1134 3486 1169 3540 et
1192 3496 1260 3540 non
1284 3476 1386 3560 aliqui
1408 3479 1470 3542 im·

350 3568 498 3630 mediate
520 3571 634 3642 creati,
655 3579 691 3633 ut
714 3581 872 3634 constare
898 3581 1014 3653 potest
1037 3591 1082 3633 ex
1105 3571 1170 3634 illis
1193 3591 1278 3653 quae
1300 3573 1333 3635 in
1358 3569 1471 3656 Opere

350 3662 393 3724 de
414 3661 512 3724 Coelo
528 3671 561 3724 et
577 3661 713 3742 Inserno
731 3663 877 3727 Londini
903 3665 982 3745 1758
1003 3665 1107 3740 edit0,
1127 3665 1252 3746 scripta
1275 3674 1309 3728 et
1332 3677 1472 3729 ostensa

350 3765 438 3818 sunt.
497 3756 684 3820 Excellunt
706 3758 841 3839 quidem
865 3761 1031 3841 sapientia
1056 3779 1135 3842 prae
1162 3761 1373 3839 hominibus;
1411 3760 1471 3824 sed

349 3851 415 3914 hoc
434 3851 511 3914 ideo
526 3852 602 3934 quia
620 3853 654 3914 in
672 3861 765 3915 statu
781 3852 944 3935 spirituali
963 3863 1052 3929 sunt,
1069 3865 1104 3917 et
1123 3854 1200 3918 inde
1218 3856 1252 3917 in
1272 3855 1346 3918 luce
1365 3854 1470 3928 Caeli,

350 3955 386 4008 et
413 3965 481 4008 non
509 3946 541 4007 in
568 3955 660 4009 statu
687 3946 842 4021 naturali,
870 3958 906 4011 et
932 3949 979 4017 sic
1009 3949 1042 4012 in
1070 3947 1144 4012 luce
1172 3949 1297 4024 mundi,
1326 3957 1363 4012 ut
1393 3959 1471 4014 sunt

349 4036 503 4102 homines
536 4040 685 4117 telluris;
722 4040 782 4103 sed
811 4051 976 4124 quantum
1009 4041 1129 4126 aliquis
1159 4043 1300 4124 angelus
1329 4043 1471 4108 excellit

350 4133 525 4215 sapientia,
552 4144 686 4198 tantum
713 4138 868 4217 agnoscit
895 4139 986 4218 quod
1015 4157 1084 4200 non
1111 4157 1209 4220 supra
1235 4138 1390 4201 homines
1416 4141 1470 4212 sit,

349 4227 411 4290 sed
427 4227 544 4290 similis
559 4227 664 4306 illis1¹13
684 4251 785 4313 quare
801 4251 863 4294 nec
877 4231 988 4315 aliqua
1003 4229 1195 4312 conjunctio
1208 4232 1381 4296 hominum
1394 4251 1471 4297 curn

349 4321 482 4403 angelis
497 4333 561 4397 est,
573 4322 634 4386 sed
650 4335 703 4388 est
718 4325 927 4389 consociatio
939 4345 1014 4389 cum
1030 4326 1095 4389 illis
1108 4347 1115 4404 ς
1136 4345 1210 4389 cum
1225 4325 1306 4390 Solo
1323 4327 1472 4390 Domino

350 4416 451 4479 datur
465 4414 666 4498 conjunctio.
711 4417 892 4500 Quomodo
911 4430 1024 4483 autem
1043 4418 1081 4484 fit
1097 4417 1288 4501 conjunctio
1305 4441 1383 4484 cum
1399 4421 1471 4486 Do·

350 4509 444 4574 mino
465 4521 501 4574 et
523 4513 733 4576 consociatio
750 4532 826 4576 cum
850 4513 982 4595 angelis
1004 4535 1064 4597 per
1082 4513 1245 4591 Verbum,
1264 4515 1420 4580 videatur
1437 4517 1471 4579 in

350 4602 514 4668 Dotirino
525 4603 642 4670 Novae
650 4605 900 4691 Hierosolymoe
909 4608 950 4672 de
962 4609 1140 4690 Scriptura
1156 4607 1262 4674 Sacra
1279 4609 1326 4694 (n.
1338 4609 1470 4694 62-69).
