3384 5400
313 671 378 750 522·
628 677 874 732 APOCALYPSIS
897 677 1107 730 REVELATA.

440 849 483 900 hie
494 857 521 900 ut
532 849 600 915 pn'us
629 865 653 900 n.
667 849 744 916 622];
764 849 912 917 ‘primitiae
928 849 981 901 Bes
991 853 1019 901 et
1034 847 1133 928 ψοζ’
1145 847 1269 912 significet
1280 848 1426 899 insternen-

440 923 494 966 tum
509 917 577 966 Caeli
590 850 731 966 cientium·
745 918 897 1032 agnoscentis
908 917 992 965 Deum
1004 932 1086 965 unum
1098 932 1128 964 sn
1138 932 1186 981 quo
1202 915 1324 975 Trinitas,
1335 923 1359 964 el
1373 916 1426 974 Do,-

772 995 787 1032 2

440 983 540 1032 minum
551 999 599 1032 esse
609 983 688 1032 dium
702 984 741 1051 [n.
788 983 828 1049 3].

292 1097 302 1112 ·
325 1087 349 1143 5·
373 1077 426 1132 'k't
434 1076 460 1130 in
472 1092 518 1130 ore
530 1077 631 1131 illorum
648 1091 697 1130 non
715 1081 758 1130 est
772 1078 893 1130 inventus
904 1076 1010 1135 dolus.''
1022 1075 1147 1140 significat
1158 1077 1226 1142 quod
1233 1093 1285 1125 non
1296 1093 1329 1126 ex
1338 1085 1395 1126 astu
1405 1083 1430 1126 ee

433 1145 557 1210 proposito
573 1147 712 1210 loquantur
725 1151 749 1194 et
760 1145 930 1210 peraeadeant
937 1145 1037 1209 salsum
1054 1151 1078 1191 et
1093 1143 1189 1191 malum
1208 1143 1248 1209 [n.
1261 1141 1339 1208 624];
1358 1142 1427 1194 ‘im-

438 1209 562 1262 maculati
576 1209 643 1263 enirn
659 1214 724 1263 sunt
737 1223 824 1262 eoram
844 1209 941 1262 Tbrono
957 1208 1031 1268 Bei,''
1044 1208 1168 1273 signifieat
1178 1210 1240 1274 quea
1250 1217 1312 1259 sunt
1321 1210 1350 1263 in
1361 1211 1428 1260 onis

439 1294 471 1326 ex
481 1277 542 1326 bono
552 1294 569 1326 a
580 1277 691 1326 Domino
705 1277 743 1343 [n.
757 1275 830 1342 625}

323 1382 348 1434 b.
373 1383 425 1436 'Bt
442 1382 494 1436 ridi
507 1382 586 1434 alium
598 1381 719 1450 inuelem
733 1382 859 1434 rotantem
875 1380 901 1433 in
921 1380 1004 1433 medio
1023 1379 1098 1438 Caeli,
1110 1364 1246 1432 babentem
1263 1378 1427 1447 frangetium

439 1455 573 1502 aeternum
590 1447 771 1515 evangelizare
787 1447 963 1500 babitantibus
979 1461 1060 1513 super
1074 1448 1175 1505 terra,''
1187 1445 1311 1510 significat
1320 1463 1427 1497 annun·

438 1518 567 1565 lintionem
578 1516 708 1564 Adventus
719 1516 835 1572 Domini,
846 1521 870 1563 et
885 1514 973 1564 Novae
985 1514 1110 1563 Ecclesiae
1120 1515 1278 1562 descensurae
1288 1529 1301 1561 e
1315 1514 1386 1563 Caelo
1395 1514 1427 1563 ab

439 1584 495 1648 Ipso
508 1582 547 1649 [n.
560 1580 637 1647 626];
658 1584 705 1633 ‘et
715 1579 785 1632 omni
796 1579 871 1646 uenti
880 1583 908 1632 et
919 1579 998 1632 tribui
1007 1584 1036 1632 et
1045 1579 1148 1647 linguae
1158 1583 1187 1631 et
1194 1580 1319 1646 populo.'¹
1332 1579 1426 1643 signifi·

439 1658 478 1698 cat
495 1649 592 1697 cunttis
608 1647 654 1714 qui
668 1663 701 1697 ex
717 1648 835 1712 religione
851 1647 881 1696 in
897 1647 967 1695 bonis
976 1653 1045 1705 nent,
1056 1654 1079 1696 et
1088 1663 1121 1695 ex
1130 1647 1248 1695 dotlrina
1264 1647 1294 1694 in
1305 1647 1373 1695 veris
1386 1647 1425 1714 [n.

438 1713 512 1780 6271.

324 1819 348 1872 7.
372 1809 520 1862 ‘Birenteos
540 1822 601 1861 rose
617 1822 716 1875 magna,
737 1807 831 1860 Timete
851 1807 959 1865 Beuns‚''
978 1806 1102 1871 significat
1119 1807 1313 1856 admonitionem
1329 1815 1360 1857 ut
1374 1824 1426 1857 non

431 1876 537 1942 saciant
553 1877 630 1933 neala,
641 1876 702 1939 quia
719 1875 764 1923 hoc
780 1881 866 1923 tantm
883 1875 1026 1923 Dominum
1037 1881 1072 1922 est
1084 1874 1123 1940 [n.
1136 1872 1213 1938 628];
1233 1877 1282 1925 'et
1297 1874 1357 1926 date
1374 1874 1428 1940 lpsl'

435 1939 552 2008 gloriam,
566 1940 625 2007 auia
644 1940 713 1992 renit
727 1941 790 1992 bora
802 1939 897 2006 judicii
913 1939 1027 2006 losiue‚''
1038 1939 1161 2004 significat
1172 1940 1326 2004 agnitionem
1337 1949 1360 1988 er
1370 1957 1424 1990 eon·

431 2009 564 2074 sessionem
583 2009 650 2072 quod
658 2023 729 2056 omne
745 2007 834 2055 Verum
852 2007 925 2054 Verbi
930 2007 963 2054 sit
970 2022 986 2054 a
995 2007 1115 2064 Domino,
1123 2007 1258 2054 secundum
1270 2007 1337 2070 quod
1345 2007 1426 2056 omnis

437 2075 510 2122 borno
518 2075 680 2140 judicabitur
693 2073 732 2140 [n.
745 2072 822 2138 629];
842 2076 891 2124 “el
905 2071 1015 2124 adorato
1032 2071 1117 2138 ipsum
1135 2070 1184 2126 Olli
1198 2071 1263 2124 lecit
1279 2071 1381 2124 Caelum
1399 2075 1427 2124 eb

441 2139 543 2192 Terram
556 2142 583 2191 et
598 2140 670 2191 Uare
681 2143 709 2191 et
724 2139 817 2190 fontes
834 2139 991 2206 aquarum‚”
1003 2137 1127 2202 significat
1138 2140 1206 2204 quod
1215 2139 1342 2187 Dominus
1354 2139 1425 2188 Solus

437 2208 551 2256 colendus
560 2208 601 2265 sit,
612 2207 674 2272 quia
691 2207 745 2270 Ipse
762 2207 834 2254 Solus
854 2205 963 2263 Creator,
976 2206 1097 2254 Salvator
1105 2212 1130 2253 et
1145 2205 1293 2268 Redemptor
1302 2212 1343 2264 est,
1355 2212 1378 2254 et
1393 2204 1425 2253 ab

437 2273 493 2388 ἔθευ
512 2273 568 2322 Solo
590 2273 690 2322 Caelum
708 2272 849 2337 angelicum
868 2279 893 2320 et
908 2271 1020 2320 Ecclesia
1040 2277 1063 2319 et
1081 2272 1166 2320 omnia
1185 2272 1286 2320 illorum
1303 2279 1365 2320 sunt
1384 2271 1423 2338 [n.

470 2352 487 2388 0
504 2375 511 2388 .

321 2433 345 2484 8.
369 2433 421 2486 “tt
435 2338 504 2486 oliui
521 2431 636 2519 Angelus
648 2437 755 2485 secutus
772 2435 815 2484 est
831 2431 934 2511 diesne..
944 2430 1045 2510 Besidit,
1058 2431 1154 2510 cecidit
1168 2431 1288 2497 Babylon,
1301 2431 1364 2484 urbs
1379 2431 1424 2484 illa

438 2501 548 2566 mauritil
573 2497 695 2562 significat
706 2499 774 2563 quod
787 2515 858 2547 nunc
874 2499 1026 2562 Religsosum
1047 2499 1169 2547 Catholsco
1184 2499 1330 2547 Romanum
1342 2500 1427 2562 quoad

435 2583 482 2616 sna
494 2567 609 2630 dogmata
621 2573 644 2614 et
653 2566 807 2616 dalleinalio
818 2566 956 2628 dispersum
967 2565 1001 2614 sit
1013 2565 1051 2630 [n.
1062 2563 1139 2641 631];
1159 2571 1171 2592 ⁸
1178 2563 1238 2631 quia
1249 2578 1281 2616 er
1300 2564 1356 2616 rr'uo
1366 2563 1424 2616 itae

437 2630 602 2684 scortationis
618 2644 684 2683 suae
698 2631 798 2698 poterit
814 2645 903 2682 ornnes
917 2631 1040 2697 gentee.''
1053 2629 1175 2694 sigmficat
1186 2631 1248 2696 quia
1259 2639 1308 2694 per
1312 2631 1422 2696 propla-

436 2701 548 2749 nationes
564 2698 642 2755 Verbi,
650 2706 674 2747 et
677 2706 725 2762 per
732 2698 926 2747 adulterationes
933 2698 993 2747 boni
998 2705 1023 2747 el
1028 2698 1087 2747 veri
1093 2697 1225 2757 Ecclesiae,
1234 2698 1334 2747 sednai't
1341 2713 1424 2747 onenes

433 2782 492 2831 quos
502 2766 612 2824 dominio
622 2782 666 2814 suo
676 2766 793 2830 subjicere
799 2765 884 2828 poluit
897 2765 936 2831 [n.
950 2763 1023 2830 632].

320 2884 344 2933 9.
370 2878 382 2898 '¹
389 2868 422 2923 it
431 2868 524 2921 tertius
533 2867 642 2935 ingelue
654 2873 762 2921 secutus
773 2872 816 2921 eet
826 2868 893 2926 illos.
905 2868 993 2921 dicens
1005 2882 1066 2920 rooe
1077 2868 1199 2934 magna,''
1209 2866 1332 2931 significat
1340 2868 1424 2918 adbuc

435 2952 452 2984 a
464 2936 575 2985 Domino
585 2937 615 2984 de
626 2936 676 2984 illis
687 2936 734 3013 qui
744 2936 771 2983 in
784 2936 846 2984 Fide
857 2941 970 2999 separata
981 2952 998 2983 a
1013 2935 1141 2984 Claritate
1153 2934 1192 3000 [n.
1205 2933 1282 2999 633];
1302 2942 1315 2961 '¹
1323 2934 1351 2986 Si
1364 2934 1423 3002 quie

436 3000 550 3053 Bestiam
558 3001 708 3053 adorarerrt
715 3006 741 3053 el
752 3000 888 3069 imaginem
901 3001 966 3115 epus,
977 3004 1005 3052 et
1014 3000 1146 3067 acceperit
1156 3000 1331 3052 ebaracterem
1342 3015 1423 3067 super

436 3069 520 3120 baubo
532 3072 560 3120 el
568 3081 648 3133 super
660 3082 736 3119 mauu
747 3068 827 3124 sua,”
838 3068 902 3130 signi
922 3076 961 3115 cat
973 3068 1020 3132 qui
1029 3064 1139 3131 agnoscit
1148 3075 1171 3115 et
1181 3068 1269 3131 recipit
1278 3068 1421 3116 dotlrinam

434 3136 464 3184 de
467 3134 648 3201 justificatione
658 3143 681 3183 et
690 3135 828 3183 saluatione
833 3142 883 3197 per
892 3134 970 3183 solam
982 3134 1077 3193 Fidem,
1089 3132 1223 3199 confirmat
1232 3134 1312 3192 illam,
1322 3141 1347 3182 el
1356 3134 1424 3183 vivet

434 3202 569 3251 secundum
580 3201 652 3249 illam
666 3200 704 3266 [n.
718 3198 791 3265 634].

421 3303 474 3356 Ἐὐ
488 3303 530 3356 ille
547 3303 617 3356 bibet
626 3318 657 3355 er
672 3302 727 3355 rino
744 3303 800 3354 irae
817 3301 866 3355 Bel
874 3301 952 3353 mbrto
964 3316 1035 3352 mero
1046 3299 1072 3353 in
1087 3302 1179 3368 poculo
1191 3302 1421 3357 ermndeeoeatiae

436 3369 549 3437 lpBl'ue,''
563 3370 684 3433 significat
695 3372 764 3435 quod
777 3371 818 3419 illi
825 3370 966 3435 falsificent
982 3369 1045 3416 bono
1061 3376 1085 3417 el
1100 3386 1162 3418 vera
1180 3370 1259 3429 Verbi,
1271 3372 1423 3421 eliminant

434 3438 515 3486 vitane
526 3454 558 3487 ex
573 3438 625 3486 illis
633 3436 780 3502 falsificatis
790 3437 832 3553 fin.
846 3435 923 3501 635];
944 3439 992 3486 “et
1007 3434 1163 3487 cruciabitur
1179 3433 1237 3502 igne
1254 3440 1282 3487 et
1296 3437 1420 3502 sulpbure

434 3517 520 3555 soram
532 3502 631 3555 sanetis
640 3501 741 3569 legetis
753 3506 781 3554 et
807 3517 866 3568 gno,
879 3504 908 3553 et
918 3503 1005 3552 tumus
1016 3500 1149 3553 cruciatus
1160 3516 1248 3552 eorum
1259 3502 1421 3556 ascendetis

434 3571 541 3621 macula
558 3570 751 3627 Bastulorum,''
770 3568 894 3633 significat
910 3584 1019 3616 amorem
1036 3569 1079 3616 sui
1093 3575 1117 3616 et
1131 3568 1225 3616 mundi
1238 3576 1263 3617 et
1277 3570 1422 3633 cupiditates

434 3636 500 3695 inde,
513 3644 536 3685 et
546 3653 578 3685 en
594 3636 633 3685 his
661 3643 742 3684 aslum
751 3637 871 3699 propriae
882 3634 1067 3699 intelligentiae,
1079 3650 1109 3681 ac
1119 3635 1260 3682 sinuatum
1272 3636 1300 3683 in
1314 3636 1421 3701 lnserno

434 3718 466 3751 ex
476 3704 527 3751 s'llsls
540 3702 579 3771 [n.
593 3637 669 3768 636ss
689 3705 738 3753 'et
747 3716 796 3754 oon
813 3699 942 3752 babebunt
957 3700 1070 3765 requiem
1082 3698 1126 3750 diu
1143 3703 1172 3751 et
1186 3704 1264 3751 noctu
1280 3700 1421 3755 adorantes

434 3767 549 3821 Bestiam
566 3772 594 3820 et
608 3766 743 3834 imaginem
755 3768 820 3834 ejus,
834 3772 861 3819 et
871 3766 898 3819 si
912 3766 970 3832 auis
981 3765 1111 3831 acceperit
1123 3764 1300 3818 characterem
1312 3767 1421 3821 nominis

434 3834 520 3901 ejuessf
533 3834 655 3899 significat
667 3842 759 3883 statum
765 3842 913 3898 perpetuum
927 3835 955 3881 in
971 3833 1119 3898 injucundis
1129 3834 1200 3896 apud
1212 3834 1266 3882 illos
1276 3835 1323 3898 qui
1332 3850 1419 3899 agnos·
1500 3849 1503 3853 ⁴

433 3910 495 4017 gin!
509 3910 533 4035 ef
549 3902 672 4033 νεὲἰρἱιπί
688 3902 758 3949 illam
767 3900 858 3967 fidem,
875 3900 1028 3964 confirmant
1042 3899 1123 3958 illam,
1135 3906 1159 3947 et
1172 3900 1269 3948 uiuunt
1283 3902 1418 3949 seamdum

463 3984 505 4017 om
534 3983 558 4016 n.
588 3979 644 4031 37.

303 4073 341 4112 η.
366 4059 432 4115 'ilr's
482 4061 570 4114 tientia
587 4065 735 4114 martorum
753 4064 801 4115 est.
819 4058 888 4111 biom
906 4058 1083 4111 custodientes
1100 4059 1221 4111 mandata
1238 4059 1285 4112 Bei
1299 4064 1328 4112 et
1345 4061 1419 4113 tidem

451 4128 526 4186 esu,''
540 4128 662 4192 significat
680 4130 747 4193 quod
760 4128 831 4176 boner
850 4127 973 4175 Ecclesiae
990 4126 1106 4184 Domini,
1114 4133 1163 4189 per
1172 4128 1317 4175 tentationes
1326 4127 1357 4175 ab
1369 4128 1420 4177 illu

433 4196 574 4259 exploretur
581 4195 663 4259 qualis
673 4202 708 4243 est
733 4192 828 4243 noodr]
841 4194 923 4241 ue'tam
934 4194 1069 4241 secundum
1074 4200 1206 4256 praecpla
1222 4192 1295 4241 Verbi
1304 4200 1328 4242 et
1337 4195 1421 4259 quoad

431 4261 506 4319 fidens
519 4262 547 4311 in
560 4262 702 4311 Dominum
717 4211 755 4327 fn.
769 4258 843 4325 6381.

304 4376 341 4428 ¹3·
367 4363 419 4416 “ft
427 4364 516 4416 audiri
525 4379 610 4417 rocem
623 4378 637 4416 e
649 4364 723 4428 Caelo
735 4362 860 4415 dicentem
869 4361 937 4421 mibi,
950 4361 1075 4428 [Scribe]
1087 4361 1163 4414 Beati
1172 4362 1303 4415 mortalia
1315 4364 1419 4417 Bomino

434 4430 572 4483 morientes
584 4446 600 4482 a
611 4431 707 4487 nuua,''
716 4429 839 4493 significat
846 4430 1044 4492 praedictionem
1053 4446 1069 4477 a
1082 4430 1193 4478 Domino
1201 4431 1231 4478 de
1238 4437 1305 4479 statu
1316 4432 1418 4480 illumne

427 4504 484 4561 post
495 4504 604 4555 martem,
613 4498 659 4560 qui
668 4512 681 4544 e
692 4496 766 4545 Noun
778 4496 890 4544 Ecclesia
901 4496 984 4558 bosius
991 4503 1075 4555 mut,
1084 4497 1152 4559 quod
1160 4497 1210 4544 illis
1218 4496 1271 4544 vita
1280 4505 1304 4545 et
1306 4498 1419 4561 felicitas

433 4570 534 4611 onemo
548 4563 587 4629 [n.
600 4562 677 4628 639];
697 4561 767 4612 “imo
779 4560 870 4612 dioit1⁸l
884 4559 1001 4626 inritus.
1018 4565 1047 4613 ut
1062 4560 1226 4626 requiescant
1242 4575 1274 4613 er
1288 4562 1418 4615 laboribus

435 4628 521 4689 θυῖε,Η
530 4628 654 4694 significat
663 4630 730 4694 quod
739 4628 871 4678 Divinum
888 4628 977 4677 Verum
993 4628 1065 4676 Verbi
1071 4628 1161 4687 doceat,
1169 4630 1238 4692 quod
1245 4629 1291 4693 qni
1300 4630 1419 4695 affligunt
