3384 5400
525 682 603 733 cna.
621 683 692 747 xv.‚
709 683 810 734 vans.
829 685 938 752 3.-u.
953 671 1025 752 ⁶⁶4
1272 674 1334 758 5⁶9

210 865 266 918 tur
282 852 368 917 Lex.
414 851 515 935 Quod
535 875 593 936 per
609 859 629 885 ⁴¹
639 853 760 917 Mosen
769 853 784 879 ”
799 853 1011 936 intelligatur
1026 853 1101 918 Lex
1119 875 1204 938 quae
1221 855 1331 919 Deca-

210 949 320 1032 logus,
334 947 412 1012 inde
424 939 574 1031 sequitur
586 969 593 1026 ;
617 956 652 1011 et
669 969 710 1012 eo
726 948 800 1031 plus
812 949 889 1032 quia
903 949 1017 1012 Moses
1030 949 1169 1032 sculpsit
1181 949 1332 1014 Tabulas

174 1031 178 1040 ¹
210 1052 391 1126 postquam
413 1043 540 1125 priores
563 1039 708 1126 fregerat
734 1041 856 1125 (Exod.
881 1045 1003 1108 xxxiv.
1031 1061 1057 1120 1,
1078 1041 1164 1127 41¹¹);
1195 1055 1331 1109 etcum

208 1137 286 1202 illas
308 1138 511 1219 deportavit,
536 1138 678 1202 radiavit
700 1137 801 1202 iacies
825 1137 895 1220 ejus
919 1137 1041 1221 (Exod.
1066 1135 1265 1220 xxxivi2129
1286 1141 1329 1203 ad

208 1230 303 1315 fin.);
326 1253 428 1314 quare
451 1231 566 1296 Moses
589 1234 622 1296 in
646 1230 781 1314 piiiuris
800 1233 930 1297 sistitur
947 1242 1068 1296 tenens
1086 1233 1235 1297 Tabulas
1255 1233 1330 1297 illas

208 1327 244 1390 in
264 1346 374 1390 manu.
418 1326 534 1391 Etiam
552 1327 673 1390 dicitur
691 1328 779 1409 apud
797 1327 962 1402 Marcum,

261 1473 279 1496 ‘¹
288 1471 381 1522 Moses
393 1471 468 1531 dixit,
480 1470 595 1522 Honora
606 1481 709 1534 patrem
721 1481 795 1522 tuum
808 1479 836 1521 et
847 1481 961 1522 matrem
974 1480 1047 1521 tuam
1055 1470 1070 1494 ''
1082 1471 1137 1534 (vil.
1152 1471 1208 1535 10);

262 1538 279 1560 '⁴
288 1537 322 1587 Et
329 1536 448 1665 inqichua)
455 1537 561 1600 scripsit
567 1537 672 1600 copiam
681 1536 760 1600 Legis
770 1535 856 1586 Mosis
863 1551 945 1601 super
954 1537 1086 1600 lapidibus
1094 1535 1195 1589 Altaria
1202 1536 1217 1559 ”
1229 1537 1330 1604 (Josci.

387 1615 456 1664 ‚aa

206 1721 286 1786 Lex
310 1721 368 1800 illa
389 1731 462 1786 erat
486 1719 688 1802 Decalogus.
733 1719 790 1783 Ex
812 1720 865 1783 his
888 1720 993 1784 videri
1015 1730 1141 1803 potest,
1165 1723 1254 1804 quod
1277 1723 1331 1787 hic

207 1837 269 1900 per
282 1819 478 1880 “canticum
496 1815 602 1879 Mosis
614 1815 701 1880 servi
717 1812 780 1878 Dei
789 1813 804 1840 ”
817 1834 885 1877 non
901 1814 992 1878 aliud
1008 1814 1218 1896 intelligatur
1230 1837 1330 1899 quarn

207 1909 376 1974 consessio
394 1930 438 1974 ex
455 1909 632 1986 charitate,
649 1911 696 1973 ita
712 1930 756 1974 ex
773 1910 842 1972 vita
859 1909 1044 1972 secundum
1062 1921 1245 1992 praecepta
1263 1909 1330 1973 Le·

207 2007 273 2088 gis,
293 2025 378 2088 quae
398 2003 602 2086 Decalogus

269 2098 374 2179 ⁶63.
401 2095 584 2169 ‘dieentes
601 2097 722 2178 ‘nuqua
748 2100 783 2158 ei
806 2094 959 2157 mirabilia
985 2113 1081 2176 opem
1111 2094 1185 2168 Tua,
1209 2095 1332 2161 Domine

207 2188 293 2252 nous
321 2185 547 2266 omnpotens?
571 2185 738 2267 significat
764 2185 856 2268 quod
878 2186 992 2250 omnia
1014 2184 1149 2258 Mundi,
1179 2184 1277 2249 Caeli
1299 2196 1332 2249 et

206 2277 382 2351 Ecclesiae,
403 2289 517 2341 creata
537 2288 569 2340 et
581 2279 682 2358 fabia
703 2277 773 2341 sint
794 2299 815 2341 a
836 2276 978 2340 Domino
998 2298 1041 2341 cx
1061 2276 1185 2340 Divino
1206 2277 1238 2339 A
1244 2299 1332 2340 more

202 2384 270 2456 per
300 2371 461 2436 Divinam
495 2373 702 2454 Sapientiam
737 2372 969 2453 Ipsina-Pet
1002 2376 1136 2454 “opera
1171 2370 1308 2435 Domini
1316 2373 1331 2397 ”

207 2467 441 2550 significantur
459 2469 572 2530 omnia
589 2487 675 2550 quae
691 2467 734 2529 ab
750 2466 828 2548 Ipso
847 2476 963 2529 creata
981 2475 1017 2528 et
1032 2462 1121 2528 satta
1139 2475 1228 2539 sunt,
1245 2485 1331 2548 quae

207 2565 241 2626 in
262 2581 388 2644 genere
406 2572 483 2626 sunt
502 2562 616 2624 omnia
631 2561 758 2636 Mundi,
776 2562 889 2623 omnia
905 2558 1010 2635 Caeli,
1026 2568 1062 2622 et
1078 2560 1191 2622 omnia
1206 2559 1330 2624 Eccle-

208 2657 289 2731 siae,
307 2675 392 2738 quae
411 2657 444 2719 in
460 2657 570 2738 specie
587 2657 807 2739 nequicquam
824 2665 966 2739 possunt
982 2657 1188 2719 enumerari:
1213 2657 1329 2720 dicun·

207 2762 264 2813 tur
277 2756 430 2832 “magna
442 2760 477 2813 et
490 2750 682 2825 mirabilia,”
694 2753 772 2833 quia
785 2756 803 2783 ‘⁴
814 2770 974 2831 magnum
983 2749 999 2775 '’
1012 2751 1132 2813 dicitur
1144 2751 1186 2814 de
1203 2770 1329 2825 amore,

209 2855 245 2907 et
271 2843 473 2908 '‘mirabile’'
496 2845 538 2907 de
561 2846 727 2926 sapientia
750 2843 802 2926 (ut
826 2864 925 2927 supra
949 2864 980 2908 n.
1003 2844 1104 2926 656),
1139 2855 1174 2909 et
1197 2866 1331 2928 quoque

210 2938 376 3001 Dominus
403 2940 435 3001 in
463 2937 580 3002 Verbo
606 2938 726 3001 dicitur
753 2937 973 3002 “Dominus''
998 2960 1045 3003 ex
1076 2937 1200 3002 Divino
1233 2939 1330 3003 Bono

209 3032 324 3095 Divini
346 3032 495 3108 Amoris,
514 3052 553 3096 ac
574 3032 695 3096 “Deus
704 3033 719 3057 ”
737 3054 782 3096 ex
807 3033 931 3097 Divino
949 3033 1043 3097 Vero
1067 3034 1210 3099 Divinae
1233 3032 1330 3116 Sapi-

208 3128 333 3190 entiae.
389 3125 491 3207 Quod
524 3126 688 3191 Dominus
720 3126 853 3191 dicatur
883 3125 1123 3211 Omnipotens,
1156 3129 1233 3211 quia
1265 3138 1329 3201 est,

209 3222 351 3291 vivit,et
373 3232 488 3303 potest
510 3223 634 3297 omnia,
654 3243 700 3285 ex
723 3220 767 3285 Se
790 3222 880 3303 lpso,
900 3232 935 3286 et
953 3243 1087 3305 quoquc
1109 3224 1197 3303 regit
1218 3224 1331 3285 omnia

209 3336 256 3379 ex
283 3314 327 3379 Se
355 3315 444 3397 Ipse,
470 3317 623 3380 videatur
649 3336 747 3399 supra
774 3314 820 3397 (n.
847 3314 923 3397 31):
960 3316 1040 3379 inde
1064 3325 1128 3391 est,
1154 3317 1244 3398 quod
1271 3337 1331 3399 per

211 3416 366 3491 “magna
391 3420 428 3475 et
455 3409 617 3473 mirabilia
640 3431 742 3494 opera
764 3408 849 3483 Tua,
873 3408 1019 3474 Domine
1047 3408 1140 3473 Deus
1162 3408 1330 3492 Omnipo-

211 3504 319 3578 tens‚'’
341 3504 374 3567 in
398 3504 576 3575 universali
599 3525 699 3567 sensu
721 3502 929 3586 significetur
951 3505 1042 3585 quod
1065 3506 1178 3580 omnia
1200 3503 1329 3579 Mundi,

211 3596 306 3661 Caeli
321 3608 356 3661 et
373 3597 557 3673 Ecclesiae,
574 3610 689 3662 creata
705 3608 739 3661 et
755 3594 843 3661 faita
860 3599 927 3661 sint
943 3618 963 3662 a
979 3598 1127 3662 Domino
1143 3619 1187 3663 ex
1208 3598 1332 3663 Divino

211 3692 342 3756 Amore
360 3712 419 3775 per
438 3693 594 3756 Divinam
614 3691 822 3775 Sapientiam
842 3692 960 3774 Ipsius.

272 3784 377 3867 664.
405 3784 508 3854 'Onia
522 3784 629 3867 junias
650 3790 684 3847 el
708 3802 799 3847 venun
823 3784 888 3846 via·
913 3783 1006 3856 Tune,
1028 3784 1097 3847 lior
1117 3784 1333 3858 sanatorum,''

211 3874 388 3957 significatv
401 3877 491 3958 quod
509 3876 619 3941 omnia
636 3898 720 3959 quae
736 3876 919 3957 procedunt
938 3874 982 3939 ab
1003 3876 1084 3957 Ipso
1105 3876 1285 3959 sinrsnsta
1301 3886 1333 3939 et

211 3990 302 4045 vcra,
326 3970 405 4051 quia
425 3981 476 4034 est
497 3970 613 4052 Ipsum
634 3970 796 4033 Divinum
817 3964 946 4033 Bonum
966 3980 1000 4033 et
1020 3970 1181 4034 Divinum
1213 3969 1332 4034 Verum

212 4065 248 4126 in
269 4061 368 4129 Caelo
386 4074 419 4127 et
439 4064 474 4127 in
496 4064 760 4128 Ecclesia-Per
779 4066 878 4127 “vias
887 4062 903 4089 ’'
921 4062 1154 4146 significantur
1172 4084 1252 4127 vera
1271 4065 1331 4127 du-

212 4160 325 4222 centia
336 4158 379 4229 ad
393 4158 517 4222 bonurn
529 4157 576 4241 (n.
592 4158 663 4239 176)
677 4180 684 4235 ;
708 4168 743 4221 et
756 4178 814 4241 per
825 4164 844 4195 “
856 4158 1018 4240 Regem,”
1028 4178 1103 4221 curn
1117 4160 1160 4223 de
1172 4158 1331 4234 Domino,

212 4250 419 4334 significatur
442 4252 601 4316 Divinum
624 4252 763 4329 Verum,
787 4264 821 4316 et
849 4274 909 4335 per
933 4252 1094 4335 “Regem
1118 4250 1333 4319 san&orum”

214 4346 374 4410 Divinum
386 4346 513 4410 Verum
526 4348 559 4410 in
570 4346 674 4411 Caelo
687 4358 721 4410 et
736 4346 890 4410 Ecclesia
901 4346 945 4411 ab
956 4347 1054 4429 Ipso;
1073 4367 1133 4429 per
1145 4344 1334 4409 “samos’'

213 4443 304 4504 enirn
327 4438 556 4523 significantur
574 4443 628 4524 qui
652 4444 685 4504 in
708 4442 838 4505 Divinis
862 4442 949 4505 veris
972 4462 992 4503 a
1016 4440 1164 4503 Domino
1186 4448 1264 4503 sunt
1285 4438 1332 4521 (n.

218 4551 286 4616 173,
306 4532 401 4617 586);
426 4536 502 4598 inde
522 4556 580 4618 per
597 4535 732 4617 “justae
751 4546 786 4599 et
805 4556 905 4599 verae
923 4536 997 4598 viae
1015 4534 1120 4608 Tuae,
1138 4534 1216 4597 Rex
1234 4552 1334 4596 sanc·

215 4629 349 4694 torum''
366 4628 572 4711 significatur
586 4630 677 4714 quod
696 4632 809 4694 omnia
824 4650 910 4713 quae
928 4629 1117 4712 procedunt
1135 4650 1155 4691 a
1175 4628 1333 4702 Domino,
