3384 5400
502 708 581 761 cnr.
598 708 802 771 xx1.,vsns.
819 708 949 758 21.-u.
965 694 1036 776 916.
1267 696 1326 777 825

211 879 356 944 reserant
368 880 412 942 ad
424 898 576 943 amorem
591 879 624 941 in
638 877 748 942 Deum
760 888 796 942 et
811 876 855 941 ad
867 896 1017 941 amorem
1031 897 1112 960 erga
1124 878 1327 960 proximum,

212 974 378 1037 videbitur
393 974 426 1036 in
441 972 604 1036 Dodin'no
619 972 735 1035 Novae
750 970 999 1054 Hierosolymae
1014 971 1053 1035 de
1070 970 1256 1049 charitate,
1273 973 1330 1037 ubi

211 1069 295 1132 haec
314 1069 347 1131 in
366 1088 428 1131 suo
445 1068 563 1131 ordine
581 1076 805 1149 exponentur.

270 1170 370 1251 916.
397 1179 482 1246 [Vm.
496 1178 551 1245 an]
577 1167 642 1230 “fe
660 1164 816 1231 duodecim
831 1173 943 1249 portos
957 1166 1114 1230 doudecim
1128 1168 1330 1250 margaritae,

211 1265 244 1323 ei
256 1258 443 1341 onepooerie
452 1263 611 1340 portorum
625 1264 698 1320 eret
709 1278 751 1321 er
762 1277 823 1319 ooo
836 1257 1046 1340 margarito,''
1061 1256 1228 1339 significat
1243 1257 1334 1340 quod

210 1350 339 1433 agnitio
348 1361 383 1414 et
390 1349 531 1432 cognitio
541 1349 680 1413 Dmini
690 1370 799 1413 omnes
809 1349 1008 1431 cognitiones
1019 1349 1095 1415 veri
1102 1358 1136 1413 et
1149 1348 1233 1425 boni,
1246 1370 1330 1431 qnae

209 1467 253 1509 ex
279 1445 383 1510 Verbo
404 1453 492 1520 sunt,
514 1446 691 1527 confingat
710 1444 745 1507 in
766 1465 877 1519 unum,
900 1453 933 1506 et
953 1444 1141 1508 introducar
1161 1444 1197 1507 in
1218 1442 1329 1509 Eccle-

210 1540 413 1604 siam-Per
427 1539 627 1603 “duodecim
641 1538 779 1622 portae”
788 1538 1022 1621 significantur
1033 1540 1247 1620 cognitiones
1260 1539 1330 1602 veri

210 1644 246 1698 et
262 1635 341 1698 boni
356 1636 390 1697 in
406 1652 548 1707 summa,
561 1654 619 1715 per
632 1654 716 1716 quas
731 1633 835 1695 homo
850 1633 1074 1697 introducitur
1087 1634 1120 1695 in
1137 1632 1329 1697 Ecclesiam

212 1731 259 1811 (n.
272 1730 345 1809 899,
358 1728 435 1812 900)
449 1752 456 1806 ;
480 1748 540 1811 per
552 1728 759 1791 “duodecim
775 1728 977 1808 margaritas
984 1726 999 1751 ’'
1015 1728 1119 1791 etiam
1135 1725 1328 1809 significan·
1372 1728 1373 1731 ’

211 1832 265 1885 tur
274 1825 488 1904 cognitiones
497 1824 566 1886 veri
578 1832 613 1885 et
623 1821 702 1885 boni
712 1822 745 1884 in
756 1840 888 1885 summa
900 1819 946 1903 (n.
957 1820 1050 1903 727);
1067 1822 1145 1885 inde
1156 1830 1228 1885 erat
1238 1821 1328 1903 quod

212 1926 233 1949 ¹*
241 1926 360 1999 portae
367 1916 382 1941 ”
394 1918 515 1981 fuerint
527 1917 759 1997 “margaritae
769 1914 796 1977 :”
814 1915 905 1997 quod
917 1916 1143 1998 “unaquaevis
1155 1926 1329 1997 portarum

211 2020 303 2074 esset
318 2031 363 2074 ex
378 2031 446 2074 una
460 2010 673 2092 margarita,”
682 2020 736 2073 est
752 2011 829 2093 quia
844 2028 964 2073 omnes
977 2010 1191 2091 cognitiones
1206 2012 1275 2073 veri
1292 2020 1329 2074 et

210 2106 301 2179 boni,
312 2126 399 2187 quae
412 2125 470 2187 per
480 2110 499 2137 “
508 2114 624 2187 portas
630 2104 646 2130 ’'
656 2114 691 2168 et
703 2125 763 2187 per
775 2105 1005 2186 “margaritas
1013 2104 1029 2128 ”
1039 2104 1280 2185 significantur,
1291 2124 1328 2167 se

209 2198 357 2263 referunt
375 2200 419 2262 ad
437 2218 538 2263 unam
556 2200 800 2280 cognitionem,
816 2218 903 2280 quae
919 2208 973 2262 est
988 2200 1168 2262 continens
1183 2198 1327 2275 illarum,

210 2312 297 2375 quae
307 2313 373 2356 una
383 2292 536 2375 cognitio
545 2303 597 2355 est
607 2293 759 2374 cognitio
770 2289 917 2355 Domini.
949 2292 1079 2356 Dicitur
1089 2310 1154 2355 una
1163 2292 1327 2372 cognitio,

210 2388 349 2460 tametsi
367 2386 575 2468 pluressunt
591 2407 677 2468 quae
697 2406 798 2449 unam
816 2385 911 2449 illam
929 2387 1161 2467 cognitionem
1180 2384 1327 2463 iaciunt;

210 2481 363 2563 cognitio
389 2482 479 2545 enim
509 2480 648 2545 Domini
673 2491 726 2544 est
753 2480 951 2544 universalis
977 2480 1126 2544 omnium
1153 2477 1328 2543 doctrinae

210 2584 246 2639 et
268 2576 347 2639 inde
370 2577 518 2639 omnium
542 2575 739 2654 Ecclesiae;
772 2597 818 2638 ex
840 2575 898 2639 illa
921 2575 1061 2639 trahunt
1084 2576 1199 2641 omnia
1217 2574 1329 2637 cultus

210 2690 305 2733 suam
323 2671 429 2733 vitam
448 2680 483 2734 et
502 2670 661 2744 animam,
681 2689 760 2733 nam
780 2662 953 2734 Dominus
966 2678 1018 2734 est
1037 2666 1149 2734 Omne
1168 2669 1203 2732 in
1219 2670 1328 2732 omni·

210 2765 273 2828 bus
294 2763 388 2828 Caeli
411 2774 445 2829 et
469 2764 655 2839 Ecclesiae,
675 2773 711 2828 et
733 2764 811 2828 inde
834 2765 868 2828 in
887 2763 1043 2828 omnibus
1061 2763 1182 2829 cultus.
1227 2761 1329 2844 Quod

210 2859 344 2941 agnitio
360 2867 397 2921 et
414 2860 567 2940 cognitio
585 2858 722 2922 Domini
740 2877 861 2921 omnes
876 2858 1093 2938 cognitiones
1107 2859 1176 2925 veri
1194 2867 1230 2921 et
1248 2858 1329 2922 boui

195 2973 255 3017 ‚ex
275 2951 392 3016 Verbo
409 2951 595 3034 conjungat
617 2953 651 3016 iu
670 2973 783 3026 unum,
801 2962 857 3015 est
874 2953 952 3035 quia
971 2971 1079 3014 nexus
1102 2961 1155 3016 est
1178 2953 1329 3016 omnium

209 3047 391 3110 veritatum
408 3046 640 3128 spiritualium,
656 3056 693 3110 et
710 3047 738 3110 si
756 3046 869 3111 velitis
888 3046 1035 3120 credere,
1053 3055 1107 3110 est
1125 3066 1234 3110 nexus
1253 3046 1328 3112 illa·

210 3159 283 3204 rum
305 3142 393 3205 sicut
415 3161 524 3204 nexus
545 3142 696 3204 omnium
719 3140 958 3215 membrorum,
981 3141 1147 3206 viscerum
1170 3150 1206 3204 et
1228 3161 1330 3222 orga-

210 3255 330 3298 norum
348 3236 518 3317 corporis;
545 3256 648 3317 quare
667 3236 754 3298 sicut
772 3235 886 3299 anima
905 3235 1061 3298 continet
1079 3235 1192 3302 omnia
1214 3234 1272 3298 illa
1293 3236 1328 3297 in

210 3330 327 3393 ordine
350 3339 386 3393 et
408 3349 510 3404 nexu,
533 3329 641 3392 itaut
667 3349 735 3392 non
759 3328 858 3392 aliter
881 3330 1070 3392 sentiantur
1088 3348 1189 3410 quam
1212 3347 1325 3404 unum,

210 3423 363 3486 similiter
379 3423 544 3487 Dominus
561 3424 717 3487 continet
732 3423 821 3506 apud
839 3423 1012 3486 hominem
1032 3441 1150 3486 omnes
1165 3425 1328 3488 veritates

211 3517 410 3601 spirituales.
455 3515 556 3599 Quod
580 3518 746 3580 Dominus
769 3518 813 3580 sit
839 3519 912 3599 ipsa
935 3517 1047 3591 Porta,
1072 3537 1131 3599 per
1153 3537 1254 3599 quam
1276 3519 1327 3582 in·

211 3612 431 3695 grediendum
450 3624 503 3676 est
525 3613 558 3675 in
582 3611 773 3675 Ecclesiam
796 3621 832 3675 et
855 3611 933 3674 inde
953 3609 1104 3687 Caelum,
1125 3610 1227 3676 docet
1250 3611 1328 3694 Ipse

192 3708 300 3791 apud
318 3706 508 3781 Johannem
520 3727 534 3768 .·

295 3858 379 3922 “Ego
391 3873 450 3909 sum
462 3859 565 3924 Janua;
583 3875 631 3923 per
643 3859 689 3910 Me
701 3860 724 3909 si
736 3859 795 3925 quis
807 3859 965 3918 introiverit,
980 3857 1146 3908 salvamur?
1159 3857 1194 3921 (¹-
1206 3857 1232 3922 9)
1242 3871 1249 3919 ῐ

210 4025 246 4078 et
268 4011 358 4096 quod
376 4012 508 4094 agnitio
530 4021 565 4075 et
588 4011 741 4094 cognitio
765 4009 874 4093 Ipsius
896 4011 940 4074 sit
964 4009 1042 4092 ipsa
1061 4009 1255 4094 margarita,
1276 4011 1327 4073 in·

210 4107 376 4189 telligitur
394 4125 454 4188 per
471 4106 554 4169 haec
574 4105 712 4168 Domini
729 4105 834 4168 verba
852 4103 941 4186 apud
958 4103 1192 4168 Matthoeum:

260 4267 377 4320 '‘Simlle
393 4277 436 4318 est
454 4267 577 4331 Regnum
591 4266 733 4317 Caelorum
750 4267 855 4316 homini
873 4267 1034 4329 negotiatori
1047 4265 1185 4329 quaerenti
1202 4265 1327 4328 pulchras

341 4333 510 4396 Margaritas.
524 4334 569 4396 qui
584 4348 644 4382 cum
656 4333 804 4381 invenisset
813 4347 894 4380 unam
908 4333 1052 4394 pretiosam
1066 4330 1248 4394 Margaritam,
1262 4332 1328 4381 abiit

338 4409 367 4449 et
377 4399 498 4449 vendidit
508 4399 600 4449 omnia
612 4411 679 4461 quae
689 4398 791 4458 habuit,
804 4406 833 4447 et
844 4397 910 4448 emit
921 4411 981 4446 eam
988 4397 1003 4417 '’
1015 4395 1080 4459 (xiil.
1090 4407 1132 4456 45,
1140 4395 1201 4459 46);
1282 4467 1286 4474 η

212 4561 306 4620 “una
337 4555 487 4640 pretiosa
515 4553 724 4636 margarita”
751 4564 806 4618 est
837 4554 969 4636 agnitio
1001 4561 1037 4618 et
1068 4553 1221 4635 cognitio
1254 4553 1325 4618 Do·

211 4670 299 4714 mim.
