3384 5400
539 715 618 767 cAP.
635 715 1005 767 xx.-MEM0RAB1L1‹:.
1266 704 1325 785 781

205 901 242 941 ne
262 884 385 957 quidem
406 900 528 957 gramen
550 894 611 949 est3
636 895 667 939 et
688 885 739 939 ubi
792 884 894 940 nistas.
933 885 1043 941 Eadem
1064 886 1137 943 haec
1149 885 1279 943 diximus
1295 889 1329 943 il-

203 966 304 1028 viride,
312 975 359 1021 est
368 966 596 1035 idexvepribus.
605 966 739 1021 sentibus
791 965 835 1027 lis,
849 975 880 1021 et
893 966 1163 1023 demonstravimus
1181 984 1276 1039 usque
1294 979 1328 1024 ut

202 1055 232 1101 et
245 1046 356 1101 urticis.
393 1044 462 1100 Hoc
474 1044 606 1100 efficiunt
615 1047 697 1101 calor
708 1056 739 1100 et
789 1047 927 1101 viderent
948 1048 1029 1117 quod
1055 1047 1097 1103 ita
1120 1048 1174 1110 sit:
1203 1059 1327 1104 etcum

202 1126 253 1180 lux
280 1126 476 1197 procedentes
499 1142 518 1180 a
548 1124 680 1181 Domino
704 1136 738 1181 ut
790 1127 999 1197 quaesivimus.
1019 1144 1119 1183 annon
1143 1128 1192 1191 ita,
1212 1140 1327 1185 averte·

202 1203 280 1269 Sole,
300 1206 329 1259 in
348 1206 462 1277 angelis
479 1216 511 1261 et
528 1206 689 1277 spiritibus,
707 1217 739 1261 et
790 1218 861 1262 runt
869 1224 901 1263 se
911 1208 1099 1269 etdixerunt.
1109 1216 1124 1238 “
1134 1208 1202 1264 Non
1212 1210 1327 1265 audivi-

201 1286 271 1341 inde
284 1296 368 1342 extra
380 1286 473 1341 illos.”
789 1284 894 1343 mus.”'
905 1288 1191 1345 Atclamavimusad
1201 1290 1274 1353 illos,
1282 1292 1327 1345 di·

237 1366 330 1421 Erant
341 1376 415 1421 tunc
427 1383 488 1421 non
506 1368 608 1438 procul
620 1382 639 1423 a
651 1368 738 1422 nobis
788 1378 899 1431 centes.
913 1369 1049 1425 “Audite
1063 1370 1162 1440 itaque
1174 1370 1299 1426 adhuc.”

198 1446 291 1517 aliqui
320 1463 358 1501 ex
382 1446 479 1511 Clero.
498 1448 580 1518 ‘quos
609 1447 737 1519 Spiritus
823 1448 1080 1520 Tunc'ponebant
1098 1451 1201 1506 ambas
1220 1467 1324 1507 manus

198 1527 352 1598 angelicus
372 1528 499 1582 vocabat
522 1527 737 1600 Justificatores
788 1539 858 1585 ante
885 1545 971 1585 aures
1001 1546 1077 1593 suas,
1102 1546 1137 1585 ac
1161 1530 1323 1596 vociferati,

199 1619 231 1664 et
250 1607 491 1665 Sanstificatores
509 1610 665 1665 hominum
685 1626 737 1681 per
789 1608 881 1665 “Non
894 1611 1033 1667 volumus
1045 1610 1175 1669 audires·

198 1690 295 1745 solam
318 1688 431 1753 Fidem.
451 1700 482 1745 et
503 1706 623 1762 quoque
644 1690 736 1747 Arca-
