3384 5400
521 707 839 774 cnr.xvn.‚vaas.
858 706 1052 777 5.-u.7a9.
1281 687 1351 775 beo

227 876 278 942 ita
299 877 527 960 superamare
549 876 687 942 Donn'ni
704 888 736 943 et
762 875 867 942 Verbi
885 872 1009 958 Ipsius,
1031 873 1298 956 conspurcatum!
1318 882 1350 937 et

222 972 490 1054 prophetizaverit
510 973 572 1036 illa
593 993 677 1056 quae
702 970 803 1036 Verbi
820 980 854 1035 et
872 969 949 1036 inde
970 965 1134 1034 Ecclesiae
1154 965 1349 1034 sunt—Per

229 1068 420 1149 “scriptum
446 1068 479 1130 in
506 1065 640 1130 lronte”
665 1065 874 1148 significatur
898 1062 1035 1128 insitum
1061 1065 1177 1138 amori,
1205 1063 1349 1126 “frons'’

226 1162 318 1224 enim
345 1159 513 1242 significat
539 1181 688 1224 amorem
717 1160 764 1243 (n.
788 1173 860 1242 347,
881 1159 982 1241 605);
1013 1173 1072 1240 per
1099 1157 1349 1239 “mysterium'’

226 1254 434 1337 significatur
448 1257 537 1338 quod
552 1257 692 1320 interius
707 1265 759 1320 est
776 1255 988 1319 reconditum
1001 1275 1008 1330 ;
1032 1271 1091 1335 per
1107 1251 1348 1333 “Babylonem

227 1369 387 1432 magnam
396 1349 411 1374 ”
433 1349 641 1432 significatur
659 1350 870 1432 Religiosum
889 1344 1068 1412 Catholico
1087 1345 1292 1421 Romanum,
1312 1357 1348 1410 et

227 1463 329 1507 omne
351 1443 449 1526 quale
472 1442 552 1524 ejus,
576 1455 735 1528 utsupra
760 1442 807 1526 (n.
831 1440 957 1526 7171¹¹);
985 1461 1045 1524 per
1068 1441 1348 1506 “scortationes'’

226 1537 458 1619 significantur
474 1537 740 1610 adulterationes
758 1539 838 1603 boni
855 1547 890 1601 et
905 1539 975 1600 veri
990 1536 1095 1600 Verbi
1113 1534 1160 1618 (n.
1173 1536 1347 1618 719-721),

221 1644 262 1696 et
281 1653 414 1716 quoque
432 1633 732 1715 conspurcationes
752 1652 880 1706 eorum,
900 1644 937 1695 ut
959 1651 1042 1695 mox
1061 1651 1161 1712 supra
1182 1629 1229 1712 (n.
1249 1630 1347 1714 728);

225 1748 287 1810 per
307 1735 326 1760 ‘⁴
337 1729 606 1791 abominationes
615 1727 629 1752 ”
649 1727 879 1809 significantur
901 1726 1188 1809 prophanationes
1211 1722 1347 1788 sanilo·

227 1842 301 1884 rum
314 1820 499 1894 Ecclesiae,
513 1831 550 1884 ut
563 1841 695 1904 quoque
708 1841 790 1884 mox
801 1841 902 1904 supra
915 1820 962 1903 (n.
975 1820 1052 1902 728)
1066 1841 1074 1899 ;
1098 1839 1157 1902 per
1171 1825 1190 1851 “
1199 1829 1324 1882 terram
1333 1818 1348 1843 ”

224 1915 433 1998 significatur
451 1915 607 1978 Ecclesia
627 1915 674 1998 (n.
694 1916 792 1998 285);
815 1917 894 1979 inde
915 1936 974 1997 per
993 1921 1165 1978 “matrem
1188 1915 1346 1977 scortati-

225 2031 330 2073 onum
349 2020 383 2073 et
401 2009 691 2074 abominationum
710 2021 820 2074 terrae
828 2009 843 2034 ‘’
859 2008 1068 2091 significatur
1081 2019 1176 2072 ortus
1194 2008 1345 2072 illarum:
1363 2087 1366 2091 ¹

227 2125 315 2168 nunc
343 2105 419 2188 quia
448 2103 505 2166 illa
528 2105 631 2168 verba
657 2107 699 2168 in·
721 2105 831 2168 fronte
859 2103 927 2186 ejus
955 2106 1079 2186 scripta
1105 2113 1195 2178 sunt,
1222 2113 1259 2170 et
1288 2105 1366 2185 per'

227 2199 417 2281 “scriptum
431 2203 476 2263 in
503 2199 638 2264 fronte”
660 2199 869 2282 significat-ur
894 2200 1030 2262 insitum
1052 2199 1170 2272 amori,
1194 2207 1230 2261 et
1252 2217 1348 2265 amor

225 2293 359 2358 illorum
388 2305 441 2358 est
467 2315 562 2358 amor
588 2295 784 2358 dominandi
813 2314 858 2357 ex
884 2313 1003 2357 >amore
1029 2293 1078 2355 sui
1108 2293 1348 2374 superomnia

226 2386 401 2452 Ecclesiae
416 2400 451 2453 et
467 2409 566 2471 super
579 2387 729 2464 Caelum,
743 2390 791 2452 ita
803 2408 903 2470 super
914 2389 1027 2451 omnia
1040 2386 1176 2449 Domini
1192 2394 1228 2449 et
1241 2385 1347 2450 Verbi

225 2481 345 2563 Ipsius,
360 2483 434 2545 ideo
446 2484 511 2546 hoc
524 2483 740 2565 significatur.
786 2483 841 2545 Ex
859 2483 909 2545 his
922 2482 1025 2545 videri
1042 2491 1168 2564 potest,
1182 2471 1272 2562 qnod
1288 2501 1347 2562 per

226 2582 355 2658 “super
377 2576 486 2640 fronte
510 2576 579 2658 ejus
601 2579 773 2660 scriptum,
795 2561 1006 2657 Mysteriuln,
1031 2574 1186 2657 Babylon
1209 2582 1345 2656 magna,

226 2681 335 2736 mater
354 2673 597 2737 scortationum
617 2682 651 2736 et
670 2673 959 2737 abominationum
982 2669 1121 2745 terrae‚’'
1140 2665 1347 2752 significetur

226 2765 437 2849 Religiosum
465 2767 644 2831 Catholico
670 2768 863 2831 Romanum
889 2766 989 2850 quale
1014 2776 1068 2831 est
1095 2767 1234 2829 interius
1256 2767 1346 2848 quod

225 2860 447 2935 reconditum,
477 2863 568 2945 quod
597 2884 641 2925 ex
671 2872 748 2927 ortu
775 2882 835 2925 suo
863 2862 906 2925 ab
933 2882 1050 2925 amore
1075 2861 1272 2924 dominandi
1301 2882 1347 2924 ex

226 2974 340 3017 amore
356 2957 405 3017 sui
421 2976 520 3038 super
531 2954 649 3019 sanila
665 2956 840 3021 Ecclesiae
855 2967 892 3021 et
907 2978 1007 3039 super
1021 2954 1171 3029 Caelum,
1185 2958 1233 3019 ita
1248 2976 1348 3037 super

226 3050 339 3113 omnia
363 3050 499 3113 Domini
521 3060 555 3114 et
578 3052 682 3115 Verbi
707 3052 824 3134 Ipsius,
845 3053 1118 3134 conspurcaverit
1141 3061 1176 3114 et
1200 3050 1346 3133 propha-

227 3145 356 3208 naverit
377 3142 435 3209 illa
453 3166 538 3227 quae
557 3146 662 3209 Verbi
685 3157 721 3210 et
743 3147 822 3209 inde
844 3146 1023 3209 Ecclesiae
1044 3154 1132 3208 sunt.
1178 3143 1279 3226 Quod
1302 3146 1346 3208 sit

226 3256 321 3301 amor
336 3238 531 3303 dominandi
551 3260 649 3322 super
667 3242 780 3304 omnia
798 3240 985 3312 Ecclesiae,
1003 3251 1122 3303 notum
1141 3249 1194 3303 est
1213 3260 1257 3302 ex
1274 3238 1347 3319 jure

226 3332 288 3395 sibi
303 3332 476 3397 vindica-to
491 3354 590 3416 super
605 3336 734 3398 animas
750 3334 934 3408 hominum,
947 3344 983 3397 et
996 3354 1095 3416 super
1106 3335 1219 3396 omnia
1235 3334 1347 3398 cultus

226 3426 379 3506 illorum;
402 3429 492 3511 quod
516 3450 615 3510 super
637 3428 788 3505 Caelum,
808 3439 926 3492 notum
950 3438 1003 3491 est
1026 3448 1071 3491 ex
1094 3438 1269 3510 potestate
1291 3450 1345 3492 as-

226 3532 360 3603 sumpta
381 3521 535 3586 solvendi
558 3534 593 3585 et
616 3523 753 3605 ligandi,
773 3533 808 3587 et
827 3524 875 3586 sic
893 3523 1064 3605 aperiendi
1086 3534 1122 3587 et
1145 3523 1345 3600 claudendi;

226 3616 316 3697 quod
328 3636 427 3698 super
438 3618 551 3679 omnia
565 3616 712 3690 Domini,
724 3628 841 3681 notum
854 3626 907 3680 est
919 3638 964 3680 ex
978 3615 1163 3692 Vicariatu,
1174 3638 1233 3699 per
1245 3637 1345 3699 quem

226 3710 288 3771 sibi
317 3712 505 3778 attribuunt
535 3712 648 3774 omnia
678 3712 805 3794 Ipsius;
840 3712 930 3794 quod
960 3732 1059 3793 super
1088 3714 1200 3775 omnia
1228 3711 1344 3786 Verbi,

226 3804 330 3867 etiam
347 3815 465 3868 notum
481 3815 534 3868 est
550 3825 595 3868 ex
611 3817 782 3870 reservata
798 3806 860 3869 sibi
875 3806 957 3869 solis
968 3805 1249 3887 interpretatione
1265 3805 1344 3887 ejus.

226 3897 357 3962 Dicitur
382 3920 478 3963 amor
500 3900 697 3963 dammandi
721 3921 763 3962 ex
787 3922 899 3963 amore
922 3900 986 3974 sui,
1012 3900 1090 3982 quia
1116 3902 1219 3963 etiam
1246 3900 1345 3963 datur

225 4012 321 4056 amor
335 3993 531 4057 dominandi
550 4014 594 4057 ex
610 4014 726 4058 amore
742 4015 869 4070 usuum,
886 3996 941 4077 qui
956 3995 1024 4058 bini
1040 4013 1173 4057 amores
1188 4004 1266 4057 sunt
1282 3995 1345 4057 sibi

225 4108 245 4150 e
267 4087 434 4152 diametro
456 4090 622 4171 oppositi;
645 4108 740 4152 amor
759 4091 849 4152 enim
872 4088 1066 4151 dominandi
1090 4108 1135 4151 ex
1158 4108 1272 4151 amore
1294 4091 1345 4152 sui

226 4190 278 4245 est
297 4182 492 4257 diabolicus,
512 4180 645 4264 spectat
668 4184 758 4245 enim
781 4204 817 4247 se
840 4183 949 4246 solum
968 4192 1003 4246 et
1022 4182 1183 4245 mundum
1207 4194 1346 4265 propter

226 4296 282 4353 se;
315 4286 352 4340 at
381 4298 476 4341 amor
502 4277 697 4341 dominandi
726 4298 771 4341 ex
800 4298 916 4341 amore
945 4297 1062 4340 usuum
1092 4286 1145 4340 est
1175 4276 1343 4352 caelestis,

226 4367 358 4451 spectat
377 4372 466 4434 enim
487 4370 679 4445 Dominum,
696 4392 716 4435 a
736 4370 813 4453 Quo
828 4371 941 4434 omnia
956 4392 1042 4453 quae
1058 4371 1246 4452 procedunt
1264 4381 1344 4434 sunt

226 4484 314 4539 usne,
331 4484 370 4527 ae
390 4486 467 4527 usus
487 4466 516 4529 ei
534 4476 613 4529 sunt
632 4464 739 4529 lacere
759 4466 884 4529 bonum
904 4464 1079 4528 Ecclesiae
1098 4475 1236 4546 propter
1254 4463 1344 4527 salu-

227 4570 295 4621 tem
312 4560 496 4622 animarum
510 4582 517 4637 ;
540 4580 642 4641 quare
662 4561 714 4623 hic
730 4579 825 4624 amor
840 4560 1053 4623 abominatur
1068 4577 1217 4621 amorem
1234 4558 1343 4621 domi·

227 4654 327 4717 nandi
345 4674 390 4716 ex
410 4672 524 4717 amore
543 4654 601 4716 sui.
