<?xml version="1.0" encoding="UTF-8"?>
<!DOCTYPE html PUBLIC "-//W3C//DTD XHTML 1.0 Transitional//EN"
    "http://www.w3.org/TR/xhtml1/DTD/xhtml1-transitional.dtd">
<html xmlns="http://www.w3.org/1999/xhtml" xml:lang="en" lang="en">
 <head>
  <title>
</title>
<meta http-equiv="Content-Type" content="text/html;charset=utf-8" />
  <meta name='ocr-system' content='tesseract 3.04.00' />
  <meta name='ocr-capabilities' content='ocr_page ocr_carea ocr_par ocr_line ocrx_word'/>
</head>
<body>
  <div class='ocr_page' id='page_1' title='image "./apocalypsisreve00swedgoog_0071.png"; bbox 0 0 3384 5400; ppageno 0'>
   <div class='ocr_carea' id='block_1_1' title="bbox 559 717 1347 803">
    <p class='ocr_par' dir='ltr' id='par_1_1' title="bbox 559 717 1347 803">
     <span class='ocr_line' id='line_1_1' title="bbox 559 717 1347 803; baseline -0.004 -18"><span class='ocrx_word' id='word_1_1' title='bbox 559 731 640 785; x_wconf 78' lang='lat' dir='ltr'>cnr.</span> <span class='ocrx_word' id='word_1_2' title='bbox 657 728 1023 784; x_wconf 78' lang='lat' dir='ltr'>xv.-ueuonns1ts.</span> <span class='ocrx_word' id='word_1_3' title='bbox 1292 717 1347 803; x_wconf 77' lang='lat'>581</span> 
     </span>
    </p>
   </div>
   <div class='ocr_carea' id='block_1_2' title="bbox 159 902 1368 4773">
    <p class='ocr_par' dir='ltr' id='par_1_2' title="bbox 229 902 1356 1776">
     <span class='ocr_line' id='line_1_2' title="bbox 231 902 1352 977; baseline 0.001 -17"><span class='ocrx_word' id='word_1_4' title='bbox 231 906 290 960; x_wconf 85' lang='lat' dir='ltr'>lam</span> <span class='ocrx_word' id='word_1_5' title='bbox 307 903 424 962; x_wconf 80' lang='lat' dir='ltr'>Fidem:</span> <span class='ocrx_word' id='word_1_6' title='bbox 443 917 475 961; x_wconf 92' lang='lat' dir='ltr'>et</span> <span class='ocrx_word' id='word_1_7' title='bbox 486 906 539 977; x_wconf 89' lang='lat' dir='ltr'>qui</span> <span class='ocrx_word' id='word_1_8' title='bbox 559 905 609 960; x_wconf 87' lang='lat' dir='ltr'>illa</span> <span class='ocrx_word' id='word_1_9' title='bbox 621 922 682 961; x_wconf 89' lang='lat' dir='ltr'>non</span> <span class='ocrx_word' id='word_1_10' title='bbox 698 905 765 968; x_wconf 81' lang='lat' dir='ltr'>ecit.</span> <span class='ocrx_word' id='word_1_11' title='bbox 817 904 931 960; x_wconf 70' lang='lat' dir='ltr'>kemite</span> <span class='ocrx_word' id='word_1_12' title='bbox 941 902 1205 968; x_wconf 72' lang='lat' dir='ltr'>urst&#39;mmiort‘um,</span> <span class='ocrx_word' id='word_1_13' title='bbox 1218 914 1352 962; x_wconf 72' lang='lat' dir='ltr'>ettamen</span> 
     </span>
     <span class='ocr_line' id='line_1_3' title="bbox 232 986 1354 1057; baseline 0.001 -16"><span class='ocrx_word' id='word_1_14' title='bbox 232 1003 292 1042; x_wconf 91' lang='lat' dir='ltr'>non</span> <span class='ocrx_word' id='word_1_15' title='bbox 308 988 364 1042; x_wconf 90' lang='lat' dir='ltr'>scit</span> <span class='ocrx_word' id='word_1_16' title='bbox 376 988 455 1042; x_wconf 87' lang='lat' dir='ltr'>viam</span> <span class='ocrx_word' id='word_1_17' title='bbox 474 987 648 1042; x_wconf 78' lang='lat' dir='ltr'>salvationis</span> <span class='ocrx_word' id='word_1_18' title='bbox 664 987 703 1042; x_wconf 82' lang='lat' dir='ltr'>ab</span> <span class='ocrx_word' id='word_1_19' title='bbox 722 986 766 1040; x_wconf 74' lang='lat' dir='ltr'>in·</span> <span class='ocrx_word' id='word_1_20' title='bbox 817 988 952 1039; x_wconf 69' lang='lat' dir='ltr'>mersium</span> <span class='ocrx_word' id='word_1_21' title='bbox 967 986 1082 1043; x_wconf 54' lang='grc' dir='ltr'>θάνω·</span> <span class='ocrx_word' id='word_1_22' title='bbox 1092 994 1134 1041; x_wconf 69' lang='lat' dir='ltr'>ert</span> <span class='ocrx_word' id='word_1_23' title='bbox 1145 1005 1244 1050; x_wconf 75' lang='lat' dir='ltr'>orrrne,¹</span> <span class='ocrx_word' id='word_1_24' title='bbox 1260 1005 1354 1057; x_wconf 76' lang='lat' dir='ltr'>quare</span> 
     </span>
     <span class='ocr_line' id='line_1_4' title="bbox 230 1066 1354 1140; baseline -0.001 -18"><span class='ocrx_word' id='word_1_25' title='bbox 230 1068 341 1123; x_wconf 90' lang='lat' dir='ltr'>teriori.</span> <span class='ocrx_word' id='word_1_26' title='bbox 379 1067 505 1122; x_wconf 84' lang='lat' dir='ltr'>Tuavia</span> <span class='ocrx_word' id='word_1_27' title='bbox 521 1067 629 1123; x_wconf 82' lang='lat' dir='ltr'>estviu</span> <span class='ocrx_word' id='word_1_28' title='bbox 643 1077 767 1122; x_wconf 73' lang='lat' dir='ltr'>enema</span> <span class='ocrx_word' id='word_1_29' title='bbox 815 1066 1034 1138; x_wconf 62' lang='lat' dir='ltr'>msam</span> <span class='ocrx_word' id='word_1_30' title='bbox 1050 1068 1155 1122; x_wconf 67' lang='lat' dir='ltr'>soluerit</span> <span class='ocrx_word' id='word_1_31' title='bbox 1164 1067 1354 1140; x_wconf 64' lang='lat' dir='ltr'>memsam</span> 
     </span>
     <span class='ocr_line' id='line_1_5' title="bbox 230 1145 1356 1218; baseline -0.002 -14"><span class='ocrx_word' id='word_1_32' title='bbox 230 1160 263 1204; x_wconf 90' lang='lat' dir='ltr'>et</span> <span class='ocrx_word' id='word_1_33' title='bbox 278 1149 408 1218; x_wconf 86' lang='lat' dir='ltr'>plebeia;</span> <span class='ocrx_word' id='word_1_34' title='bbox 425 1149 502 1204; x_wconf 88' lang='lat' dir='ltr'>vade</span> <span class='ocrx_word' id='word_1_35' title='bbox 521 1149 601 1203; x_wconf 86' lang='lat' dir='ltr'>illam</span> <span class='ocrx_word' id='word_1_36' title='bbox 619 1149 717 1211; x_wconf 75' lang='lat' dir='ltr'>sitiet</span> <span class='ocrx_word' id='word_1_37' title='bbox 735 1157 767 1204; x_wconf 84' lang='lat' dir='ltr'>et</span> <span class='ocrx_word' id='word_1_38' title='bbox 815 1147 1045 1202; x_wconf 62' lang='lat' dir='ltr'>tetrametram</span> <span class='ocrx_word' id='word_1_39' title='bbox 1053 1145 1228 1216; x_wconf 70' lang='lat' dir='ltr'>quodrolr&#39;us</span> <span class='ocrx_word' id='word_1_40' title='bbox 1239 1151 1356 1204; x_wconf 74' lang='lat' dir='ltr'>Ckrt&#39;srr&#39;</span> 
     </span>
     <span class='ocr_line' id='line_1_6' title="bbox 230 1224 1353 1300; baseline -0.004 -14"><span class='ocrx_word' id='word_1_41' title='bbox 230 1230 307 1286; x_wconf 78' lang='lat' dir='ltr'>scias</span> <span class='ocrx_word' id='word_1_42' title='bbox 326 1229 426 1290; x_wconf 87' lang='lat' dir='ltr'>modo,</span> <span class='ocrx_word' id='word_1_43' title='bbox 444 1230 527 1300; x_wconf 80' lang='lat' dir='ltr'>quod</span> <span class='ocrx_word' id='word_1_44' title='bbox 545 1245 635 1284; x_wconf 85' lang='lat' dir='ltr'>omne</span> <span class='ocrx_word' id='word_1_45' title='bbox 653 1230 766 1284; x_wconf 89' lang='lat' dir='ltr'>bonum</span> <span class='ocrx_word' id='word_1_46' title='bbox 815 1233 865 1290; x_wconf 73' lang='lat' dir='ltr'>ert,</span> <span class='ocrx_word' id='word_1_47' title='bbox 876 1234 905 1281; x_wconf 75' lang='lat' dir='ltr'>tt</span> <span class='ocrx_word' id='word_1_48' title='bbox 920 1231 962 1282; x_wconf 80' lang='lat' dir='ltr'>sic</span> <span class='ocrx_word' id='word_1_49' title='bbox 977 1229 1068 1282; x_wconf 60' lang='lat' dir='ltr'>ruent</span> <span class='ocrx_word' id='word_1_50' title='bbox 1077 1224 1164 1299; x_wconf 74' lang='lat' dir='ltr'>soret</span> <span class='ocrx_word' id='word_1_51' title='bbox 1180 1227 1251 1283; x_wconf 78' lang='lat' dir='ltr'>velle</span> <span class='ocrx_word' id='word_1_52' title='bbox 1268 1237 1353 1284; x_wconf 68' lang='lat' dir='ltr'>umet</span> 
     </span>
     <span class='ocr_line' id='line_1_7' title="bbox 230 1307 1353 1380; baseline -0.001 -15"><span class='ocrx_word' id='word_1_53' title='bbox 230 1309 388 1372; x_wconf 82' lang='lat' dir='ltr'>sitaDeo,</span> <span class='ocrx_word' id='word_1_54' title='bbox 401 1318 433 1365; x_wconf 92' lang='lat' dir='ltr'>et</span> <span class='ocrx_word' id='word_1_55' title='bbox 445 1309 519 1364; x_wconf 80' lang='lat' dir='ltr'>nihil</span> <span class='ocrx_word' id='word_1_56' title='bbox 537 1311 576 1364; x_wconf 76' lang='lat' dir='ltr'>ab</span> <span class='ocrx_word' id='word_1_57' title='bbox 593 1310 722 1370; x_wconf 86' lang='lat' dir='ltr'>homine,</span> <span class='ocrx_word' id='word_1_58' title='bbox 735 1317 766 1364; x_wconf 87' lang='lat' dir='ltr'>et</span> <span class='ocrx_word' id='word_1_59' title='bbox 808 1307 978 1378; x_wconf 68' lang='lat' dir='ltr'>justfitm</span> <span class='ocrx_word' id='word_1_60' title='bbox 992 1315 1022 1362; x_wconf 79' lang='lat' dir='ltr'>et</span> <span class='ocrx_word' id='word_1_61' title='bbox 1036 1310 1174 1372; x_wconf 67' lang='lat' dir='ltr'>salvarer</span> <span class='ocrx_word' id='word_1_62' title='bbox 1192 1321 1256 1364; x_wconf 91' lang='lat' dir='ltr'>tum</span> <span class='ocrx_word' id='word_1_63' title='bbox 1277 1312 1353 1380; x_wconf 80' lang='lat' dir='ltr'>Quo·</span> 
     </span>
     <span class='ocr_line' id='line_1_8' title="bbox 229 1387 1351 1462; baseline 0.001 -18"><span class='ocrx_word' id='word_1_64' title='bbox 229 1391 314 1462; x_wconf 86' lang='lat' dir='ltr'>quod</span> <span class='ocrx_word' id='word_1_65' title='bbox 335 1390 379 1446; x_wconf 86' lang='lat' dir='ltr'>sic</span> <span class='ocrx_word' id='word_1_66' title='bbox 400 1391 493 1446; x_wconf 87' lang='lat' dir='ltr'>homo</span> <span class='ocrx_word' id='word_1_67' title='bbox 514 1389 544 1444; x_wconf 91' lang='lat' dir='ltr'>ln</span> <span class='ocrx_word' id='word_1_68' title='bbox 563 1387 766 1461; x_wconf 68' lang='lat' dir='ltr'>spiritualibus</span> <span class='ocrx_word' id='word_1_69' title='bbox 817 1389 899 1443; x_wconf 71' lang='lat' dir='ltr'>modo</span> <span class='ocrx_word' id='word_1_70' title='bbox 913 1393 1007 1458; x_wconf 67' lang='lat' dir='ltr'>poree</span> <span class='ocrx_word' id='word_1_71' title='bbox 1023 1393 1089 1458; x_wconf 63' lang='lat' dir='ltr'>quis</span> <span class='ocrx_word' id='word_1_72' title='bbox 1105 1394 1227 1459; x_wconf 70' lang='lat' dir='ltr'>operari</span> <span class='ocrx_word' id='word_1_73' title='bbox 1240 1392 1351 1451; x_wconf 76' lang='lat' dir='ltr'>bonum,</span> 
     </span>
     <span class='ocr_line' id='line_1_9' title="bbox 231 1469 1353 1542; baseline -0.004 -14"><span class='ocrx_word' id='word_1_74' title='bbox 231 1488 353 1542; x_wconf 85' lang='lat' dir='ltr'>prorsus</span> <span class='ocrx_word' id='word_1_75' title='bbox 373 1471 447 1526; x_wconf 84' lang='lat' dir='ltr'>nihil</span> <span class='ocrx_word' id='word_1_76' title='bbox 469 1469 562 1541; x_wconf 84' lang='lat' dir='ltr'>possit</span> <span class='ocrx_word' id='word_1_77' title='bbox 581 1485 600 1526; x_wconf 80' lang='lat' dir='ltr'>a</span> <span class='ocrx_word' id='word_1_78' title='bbox 617 1483 667 1533; x_wconf 77' lang='lat' dir='ltr'>set</span> <span class='ocrx_word' id='word_1_79' title='bbox 692 1481 767 1541; x_wconf 84' lang='lat' dir='ltr'>quo·</span> <span class='ocrx_word' id='word_1_80' title='bbox 815 1480 881 1522; x_wconf 74' lang='lat' dir='ltr'>cunt</span> <span class='ocrx_word' id='word_1_81' title='bbox 911 1469 1043 1538; x_wconf 65' lang='grc' dir='ltr'>δρἱὀῖιε</span> <span class='ocrx_word' id='word_1_82' title='bbox 1069 1469 1191 1525; x_wconf 64' lang='lat' dir='ltr'>&amp;trdus</span> <span class='ocrx_word' id='word_1_83' title='bbox 1213 1474 1353 1541; x_wconf 73' lang='lat' dir='ltr'>operatur</span> 
     </span>
     <span class='ocr_line' id='line_1_10' title="bbox 231 1549 1353 1622; baseline -0.002 -14"><span class='ocrx_word' id='word_1_84' title='bbox 231 1553 325 1608; x_wconf 86' lang='lat' dir='ltr'>modo</span> <span class='ocrx_word' id='word_1_85' title='bbox 345 1562 417 1608; x_wconf 87' lang='lat' dir='ltr'>tunc</span> <span class='ocrx_word' id='word_1_86' title='bbox 439 1561 539 1622; x_wconf 84' lang='lat' dir='ltr'>potest</span> <span class='ocrx_word' id='word_1_87' title='bbox 557 1549 650 1607; x_wconf 89' lang='lat' dir='ltr'>homo</span> <span class='ocrx_word' id='word_1_88' title='bbox 670 1551 766 1606; x_wconf 78' lang='lat' dir='ltr'>iecere</span> <span class='ocrx_word' id='word_1_89' title='bbox 816 1550 915 1602; x_wconf 70' lang='lat' dir='ltr'>mnia</span> <span class='ocrx_word' id='word_1_90' title='bbox 932 1549 1038 1618; x_wconf 62' lang='lat' dir='ltr'>dmm</span> <span class='ocrx_word' id='word_1_91' title='bbox 1056 1549 1118 1604; x_wconf 78' lang='lat' dir='ltr'>ulla</span> <span class='ocrx_word' id='word_1_92' title='bbox 1137 1555 1189 1620; x_wconf 75' lang='lat' dir='ltr'>ope</span> <span class='ocrx_word' id='word_1_93' title='bbox 1206 1551 1353 1616; x_wconf 67' lang='lat' dir='ltr'>horrebas,-</span> 
     </span>
     <span class='ocr_line' id='line_1_11' title="bbox 231 1628 1352 1704; baseline -0.002 -14"><span class='ocrx_word' id='word_1_94' title='bbox 231 1635 353 1696; x_wconf 90' lang='lat' dir='ltr'>bonum,</span> <span class='ocrx_word' id='word_1_95' title='bbox 366 1632 447 1704; x_wconf 88' lang='lat' dir='ltr'>quod</span> <span class='ocrx_word' id='word_1_96' title='bbox 459 1643 507 1688; x_wconf 85' lang='lat' dir='ltr'>est</span> <span class='ocrx_word' id='word_1_97' title='bbox 519 1633 633 1688; x_wconf 89' lang='lat' dir='ltr'>bonum</span> <span class='ocrx_word' id='word_1_98' title='bbox 645 1631 767 1703; x_wconf 78' lang='lat' dir='ltr'>spiritu·</span> <span class='ocrx_word' id='word_1_99' title='bbox 816 1628 892 1698; x_wconf 64' lang='lat' dir='ltr'>quae</span> <span class='ocrx_word' id='word_1_100' title='bbox 898 1635 968 1683; x_wconf 67' lang='lat' dir='ltr'>rum</span> <span class='ocrx_word' id='word_1_101' title='bbox 978 1635 1050 1700; x_wconf 73' lang='lat' dir='ltr'>opus</span> <span class='ocrx_word' id='word_1_102' title='bbox 1059 1638 1102 1685; x_wconf 79' lang='lat' dir='ltr'>est</span> <span class='ocrx_word' id='word_1_103' title='bbox 1112 1632 1213 1701; x_wconf 72' lang='lat' dir='ltr'>aliquo</span> <span class='ocrx_word' id='word_1_104' title='bbox 1224 1633 1293 1687; x_wconf 82' lang='lat' dir='ltr'>bono</span> <span class='ocrx_word' id='word_1_105' title='bbox 1304 1651 1352 1688; x_wconf 85' lang='lat' dir='ltr'>ac-</span> 
     </span>
     <span class='ocr_line' id='line_1_12' title="bbox 230 1708 1352 1776; baseline -0.002 -6"><span class='ocrx_word' id='word_1_106' title='bbox 230 1715 286 1776; x_wconf 84' lang='lat' dir='ltr'>ale,</span> <span class='ocrx_word' id='word_1_107' title='bbox 299 1731 317 1768; x_wconf 92' lang='lat' dir='ltr'>a</span> <span class='ocrx_word' id='word_1_108' title='bbox 329 1713 378 1769; x_wconf 88' lang='lat' dir='ltr'>se.’</span> <span class='ocrx_word' id='word_1_109' title='bbox 815 1713 936 1764; x_wconf 78' lang='lat' dir='ltr'>rrrsm&#39;o</span> <span class='ocrx_word' id='word_1_110' title='bbox 950 1711 986 1764; x_wconf 78' lang='lat' dir='ltr'>al</span> <span class='ocrx_word' id='word_1_111' title='bbox 997 1708 1119 1774; x_wconf 60' lang='lat' dir='ltr'>omem,</span> <span class='ocrx_word' id='word_1_112' title='bbox 1132 1728 1196 1767; x_wconf 76' lang='lat' dir='ltr'>curn</span> <span class='ocrx_word' id='word_1_113' title='bbox 1208 1729 1290 1768; x_wconf 75' lang='lat' dir='ltr'>om</span> <span class='ocrx_word' id='word_1_114' title='bbox 1307 1715 1352 1768; x_wconf 76' lang='lat' dir='ltr'>lo·</span> 
     </span>
    </p>

    <p class='ocr_par' dir='ltr' id='par_1_3' title="bbox 159 1788 1368 4773">
     <span class='ocr_line' id='line_1_13' title="bbox 281 1788 1352 1866; baseline 0.001 -17"><span class='ocrx_word' id='word_1_115' title='bbox 281 1795 353 1850; x_wconf 80' lang='lat' dir='ltr'>“Ad</span> <span class='ocrx_word' id='word_1_116' title='bbox 373 1795 448 1850; x_wconf 82' lang='lat' dir='ltr'>haec</span> <span class='ocrx_word' id='word_1_117' title='bbox 465 1792 636 1866; x_wconf 75' lang='lat' dir='ltr'>indignetur</span> <span class='ocrx_word' id='word_1_118' title='bbox 649 1792 767 1864; x_wconf 78' lang='lat' dir='ltr'>Anglus</span> <span class='ocrx_word' id='word_1_119' title='bbox 816 1805 887 1844; x_wconf 78' lang='lat' dir='ltr'>nunt</span> <span class='ocrx_word' id='word_1_120' title='bbox 898 1791 936 1846; x_wconf 75' lang='lat' dir='ltr'>ab</span> <span class='ocrx_word' id='word_1_121' title='bbox 952 1788 1068 1846; x_wconf 61' lang='lat' dir='ltr'>demite</span> <span class='ocrx_word' id='word_1_122' title='bbox 1083 1796 1117 1846; x_wconf 80' lang='lat' dir='ltr'>r&#39;n</span> <span class='ocrx_word' id='word_1_123' title='bbox 1134 1811 1163 1848; x_wconf 82' lang='lat' dir='ltr'>se</span> <span class='ocrx_word' id='word_1_124' title='bbox 1179 1811 1237 1848; x_wconf 79' lang='lat' dir='ltr'>non</span> <span class='ocrx_word' id='word_1_125' title='bbox 1253 1802 1295 1850; x_wconf 78' lang='lat' dir='ltr'>est</span> <span class='ocrx_word' id='word_1_126' title='bbox 1307 1797 1352 1850; x_wconf 86' lang='lat' dir='ltr'>bo·</span> 
     </span>
     <span class='ocr_line' id='line_1_14' title="bbox 231 1872 1353 1948; baseline 0.001 -16"><span class='ocrx_word' id='word_1_127' title='bbox 231 1877 358 1948; x_wconf 88' lang='lat' dir='ltr'>loquens</span> <span class='ocrx_word' id='word_1_128' title='bbox 370 1891 439 1931; x_wconf 87' lang='lat' dir='ltr'>curn</span> <span class='ocrx_word' id='word_1_129' title='bbox 455 1873 514 1931; x_wconf 86' lang='lat' dir='ltr'>illis</span> <span class='ocrx_word' id='word_1_130' title='bbox 526 1872 611 1937; x_wconf 77' lang='lat' dir='ltr'>dixit,</span> <span class='ocrx_word' id='word_1_131' title='bbox 624 1872 709 1930; x_wconf 82' lang='lat' dir='ltr'>‘Solo</span> <span class='ocrx_word' id='word_1_132' title='bbox 721 1888 767 1929; x_wconf 84' lang='lat' dir='ltr'>ar·</span> <span class='ocrx_word' id='word_1_133' title='bbox 816 1885 907 1935; x_wconf 70' lang='lat' dir='ltr'>nster</span> <span class='ocrx_word' id='word_1_134' title='bbox 920 1883 1036 1942; x_wconf 85' lang='lat' dir='ltr'>praeter</span> <span class='ocrx_word' id='word_1_135' title='bbox 1043 1874 1135 1943; x_wconf 86' lang='lat' dir='ltr'>plura</span> <span class='ocrx_word' id='word_1_136' title='bbox 1162 1875 1270 1932; x_wconf 87' lang='lat' dir='ltr'>Nonne</span> <span class='ocrx_word' id='word_1_137' title='bbox 1280 1877 1353 1932; x_wconf 86' lang='lat' dir='ltr'>haec</span> 
     </span>
     <span class='ocr_line' id='line_1_15' title="bbox 231 1953 1351 2028; baseline -0.003 -15"><span class='ocrx_word' id='word_1_138' title='bbox 231 1973 307 2013; x_wconf 88' lang='lat' dir='ltr'>cana</span> <span class='ocrx_word' id='word_1_139' title='bbox 330 1953 550 2028; x_wconf 85' lang='lat' dir='ltr'>justificationis</span> <span class='ocrx_word' id='word_1_140' title='bbox 573 1963 674 2011; x_wconf 80' lang='lat' dir='ltr'>vestra</span> <span class='ocrx_word' id='word_1_141' title='bbox 701 1953 767 2025; x_wconf 83' lang='lat' dir='ltr'>plus</span> <span class='ocrx_word' id='word_1_142' title='bbox 817 1963 889 2008; x_wconf 83' lang='lat' dir='ltr'>sunt</span> <span class='ocrx_word' id='word_1_143' title='bbox 909 1969 1018 2008; x_wconf 85' lang='lat' dir='ltr'>arcana</span> <span class='ocrx_word' id='word_1_144' title='bbox 1035 1967 1148 2017; x_wconf 67' lang='lat' dir='ltr'>vestran</span> <span class='ocrx_word' id='word_1_145' title='bbox 1175 1957 1228 2011; x_wconf 85' lang='lat' dir='ltr'>sed</span> <span class='ocrx_word' id='word_1_146' title='bbox 1252 1957 1301 2011; x_wconf 91' lang='lat' dir='ltr'>illa</span> <span class='ocrx_word' id='word_1_147' title='bbox 1323 1958 1351 2012; x_wconf 91' lang='lat' dir='ltr'>in</span> 
     </span>
     <span class='ocr_line' id='line_1_16' title="bbox 231 2032 1353 2110; baseline -0.001 -16"><span class='ocrx_word' id='word_1_148' title='bbox 231 2053 321 2110; x_wconf 80' lang='lat' dir='ltr'>quarn</span> <span class='ocrx_word' id='word_1_149' title='bbox 335 2053 404 2099; x_wconf 78' lang='lat' dir='ltr'>vos:</span> <span class='ocrx_word' id='word_1_150' title='bbox 423 2047 454 2092; x_wconf 89' lang='lat' dir='ltr'>et</span> <span class='ocrx_word' id='word_1_151' title='bbox 471 2045 574 2107; x_wconf 86' lang='lat' dir='ltr'>aperte</span> <span class='ocrx_word' id='word_1_152' title='bbox 587 2035 672 2092; x_wconf 85' lang='lat' dir='ltr'>vobis</span> <span class='ocrx_word' id='word_1_153' title='bbox 689 2033 766 2097; x_wconf 88' lang='lat' dir='ltr'>dico,</span> <span class='ocrx_word' id='word_1_154' title='bbox 818 2032 893 2088; x_wconf 82' lang='lat' dir='ltr'>meis</span> <span class='ocrx_word' id='word_1_155' title='bbox 919 2033 1015 2089; x_wconf 86' lang='lat' dir='ltr'>oculis</span> <span class='ocrx_word' id='word_1_156' title='bbox 1041 2046 1113 2089; x_wconf 86' lang='lat' dir='ltr'>sunt</span> <span class='ocrx_word' id='word_1_157' title='bbox 1140 2052 1239 2092; x_wconf 88' lang='lat' dir='ltr'>merae</span> <span class='ocrx_word' id='word_1_158' title='bbox 1265 2053 1353 2109; x_wconf 79' lang='lat' dir='ltr'>argu-</span> 
     </span>
     <span class='ocr_line' id='line_1_17' title="bbox 231 2113 1354 2190; baseline -0.002 -16"><span class='ocrx_word' id='word_1_159' title='bbox 231 2119 313 2190; x_wconf 89' lang='lat' dir='ltr'>quod</span> <span class='ocrx_word' id='word_1_160' title='bbox 336 2119 367 2173; x_wconf 89' lang='lat' dir='ltr'>in</span> <span class='ocrx_word' id='word_1_161' title='bbox 387 2115 578 2174; x_wconf 85' lang='lat' dir='ltr'>interioribus</span> <span class='ocrx_word' id='word_1_162' title='bbox 596 2114 704 2172; x_wconf 84' lang='lat' dir='ltr'>vestris</span> <span class='ocrx_word' id='word_1_163' title='bbox 721 2131 767 2172; x_wconf 83' lang='lat' dir='ltr'>er·</span> <span class='ocrx_word' id='word_1_164' title='bbox 817 2113 879 2168; x_wconf 83' lang='lat' dir='ltr'>tiae</span> <span class='ocrx_word' id='word_1_165' title='bbox 896 2124 929 2168; x_wconf 88' lang='lat' dir='ltr'>et</span> <span class='ocrx_word' id='word_1_166' title='bbox 946 2116 1075 2170; x_wconf 84' lang='lat' dir='ltr'>astutiae</span> <span class='ocrx_word' id='word_1_167' title='bbox 1094 2114 1210 2172; x_wconf 63' lang='lat' dir='ltr'>effictae</span> <span class='ocrx_word' id='word_1_168' title='bbox 1231 2129 1354 2188; x_wconf 91' lang='lat' dir='ltr'>propter</span> 
     </span>
     <span class='ocr_line' id='line_1_18' title="bbox 231 2192 1352 2269; baseline -0.001 -15"><span class='ocrx_word' id='word_1_169' title='bbox 231 2201 314 2255; x_wconf 88' lang='lat' dir='ltr'>canis</span> <span class='ocrx_word' id='word_1_170' title='bbox 344 2215 403 2254; x_wconf 93' lang='lat' dir='ltr'>non</span> <span class='ocrx_word' id='word_1_171' title='bbox 435 2198 560 2253; x_wconf 83' lang='lat' dir='ltr'>viderim</span> <span class='ocrx_word' id='word_1_172' title='bbox 592 2195 648 2253; x_wconf 92' lang='lat' dir='ltr'>nisi</span> <span class='ocrx_word' id='word_1_173' title='bbox 676 2211 766 2268; x_wconf 86' lang='lat' dir='ltr'>quam</span> <span class='ocrx_word' id='word_1_174' title='bbox 819 2192 910 2250; x_wconf 81' lang='lat' dir='ltr'>finem</span> <span class='ocrx_word' id='word_1_175' title='bbox 920 2206 954 2249; x_wconf 89' lang='lat' dir='ltr'>ut</span> <span class='ocrx_word' id='word_1_176' title='bbox 967 2197 1145 2252; x_wconf 83' lang='lat' dir='ltr'>removeatis</span> <span class='ocrx_word' id='word_1_177' title='bbox 1155 2198 1235 2252; x_wconf 93' lang='lat' dir='ltr'>bona</span> <span class='ocrx_word' id='word_1_178' title='bbox 1244 2198 1352 2269; x_wconf 84' lang='lat' dir='ltr'>Opera,</span> 
     </span>
     <span class='ocr_line' id='line_1_19' title="bbox 231 2276 1352 2351; baseline -0.002 -15"><span class='ocrx_word' id='word_1_179' title='bbox 231 2278 356 2351; x_wconf 67' lang='lat' dir='ltr'>specim</span> <span class='ocrx_word' id='word_1_180' title='bbox 392 2279 504 2334; x_wconf 80' lang='lat' dir='ltr'>Annon</span> <span class='ocrx_word' id='word_1_181' title='bbox 526 2276 643 2349; x_wconf 78' lang='lat' dir='ltr'><strong>Religio</strong></span> <span class='ocrx_word' id='word_1_182' title='bbox 658 2285 767 2349; x_wconf 75' lang='lat' dir='ltr'>ostag-</span> <span class='ocrx_word' id='word_1_183' title='bbox 817 2288 990 2346; x_wconf 83' lang='lat' dir='ltr'>quaesunt</span> <span class='ocrx_word' id='word_1_184' title='bbox 1016 2279 1096 2332; x_wconf 85' lang='lat' dir='ltr'>bona</span> <span class='ocrx_word' id='word_1_185' title='bbox 1119 2278 1289 2341; x_wconf 78' lang='lat' dir='ltr'>charitatis,</span> <span class='ocrx_word' id='word_1_186' title='bbox 1315 2283 1352 2334; x_wconf 85' lang='lat' dir='ltr'>ad</span> 
     </span>
     <span class='ocr_line' id='line_1_20' title="bbox 232 2354 1353 2430; baseline 0 -14"><span class='ocrx_word' id='word_1_187' title='bbox 232 2371 498 2416; x_wconf 84' lang='lat' dir='ltr'>noscereetamare</span> <span class='ocrx_word' id='word_1_188' title='bbox 508 2354 767 2430; x_wconf 76' lang='lat' dir='ltr'>Deumaciugere</span> <span class='ocrx_word' id='word_1_189' title='bbox 818 2355 1030 2412; x_wconf 84' lang='lat' dir='ltr'>stabiliendum</span> <span class='ocrx_word' id='word_1_190' title='bbox 1043 2370 1172 2414; x_wconf 85' lang='lat' dir='ltr'>vestram</span> <span class='ocrx_word' id='word_1_191' title='bbox 1191 2361 1286 2415; x_wconf 88' lang='lat' dir='ltr'>solam</span> <span class='ocrx_word' id='word_1_192' title='bbox 1306 2361 1353 2416; x_wconf 86' lang='lat' dir='ltr'>Fi·</span> 
     </span>
     <span class='ocr_line' id='line_1_21' title="bbox 231 2437 1353 2513; baseline 0 -17"><span class='ocrx_word' id='word_1_193' title='bbox 231 2452 263 2496; x_wconf 91' lang='lat' dir='ltr'>et</span> <span class='ocrx_word' id='word_1_194' title='bbox 275 2441 347 2496; x_wconf 91' lang='lat' dir='ltr'>odio</span> <span class='ocrx_word' id='word_1_195' title='bbox 366 2440 474 2494; x_wconf 89' lang='lat' dir='ltr'>habere</span> <span class='ocrx_word' id='word_1_196' title='bbox 489 2437 663 2500; x_wconf 70' lang='lat' dir='ltr'>Diabolum</span> <span class='ocrx_word' id='word_1_197' title='bbox 682 2447 767 2494; x_wconf 87' lang='lat' dir='ltr'>estne</span> <span class='ocrx_word' id='word_1_198' title='bbox 819 2437 897 2492; x_wconf 86' lang='lat' dir='ltr'>dem.</span> <span class='ocrx_word' id='word_1_199' title='bbox 936 2437 974 2492; x_wconf 89' lang='lat' dir='ltr'>Et</span> <span class='ocrx_word' id='word_1_200' title='bbox 986 2440 1057 2509; x_wconf 88' lang='lat' dir='ltr'>quia</span> <span class='ocrx_word' id='word_1_201' title='bbox 1075 2440 1133 2494; x_wconf 91' lang='lat' dir='ltr'>hoc</span> <span class='ocrx_word' id='word_1_202' title='bbox 1152 2440 1257 2503; x_wconf 86' lang='lat' dir='ltr'>facitis,</span> <span class='ocrx_word' id='word_1_203' title='bbox 1269 2459 1353 2513; x_wconf 88' lang='lat' dir='ltr'>spec·</span> 
     </span>
     <span class='ocr_line' id='line_1_22' title="bbox 233 2517 1352 2592; baseline -0.001 -15"><span class='ocrx_word' id='word_1_204' title='bbox 233 2521 315 2577; x_wconf 88' lang='lat' dir='ltr'>Deus</span> <span class='ocrx_word' id='word_1_205' title='bbox 329 2519 430 2592; x_wconf 84' lang='lat' dir='ltr'>ipsum</span> <span class='ocrx_word' id='word_1_206' title='bbox 446 2517 572 2582; x_wconf 88' lang='lat' dir='ltr'>Bonum,</span> <span class='ocrx_word' id='word_1_207' title='bbox 583 2531 613 2575; x_wconf 92' lang='lat' dir='ltr'>et</span> <span class='ocrx_word' id='word_1_208' title='bbox 624 2517 767 2575; x_wconf 85' lang='lat' dir='ltr'>Diabolus</span> <span class='ocrx_word' id='word_1_209' title='bbox 819 2518 890 2572; x_wconf 84' lang='lat' dir='ltr'>tntis</span> <span class='ocrx_word' id='word_1_210' title='bbox 906 2518 1069 2582; x_wconf 89' lang='lat' dir='ltr'>hominem,</span> <span class='ocrx_word' id='word_1_211' title='bbox 1083 2523 1181 2590; x_wconf 88' lang='lat' dir='ltr'>quoad</span> <span class='ocrx_word' id='word_1_212' title='bbox 1201 2521 1260 2582; x_wconf 87' lang='lat' dir='ltr'>ilia,</span> <span class='ocrx_word' id='word_1_213' title='bbox 1272 2534 1303 2578; x_wconf 86' lang='lat' dir='ltr'>et</span> <span class='ocrx_word' id='word_1_214' title='bbox 1323 2524 1352 2577; x_wconf 90' lang='lat' dir='ltr'>in</span> 
     </span>
     <span class='ocr_line' id='line_1_23' title="bbox 233 2598 1353 2673; baseline 0.001 -17"><span class='ocrx_word' id='word_1_215' title='bbox 233 2602 329 2673; x_wconf 89' lang='lat' dir='ltr'>ipsum</span> <span class='ocrx_word' id='word_1_216' title='bbox 351 2599 479 2663; x_wconf 72' lang='lat' dir='ltr'>Malum:</span> <span class='ocrx_word' id='word_1_217' title='bbox 498 2598 564 2672; x_wconf 89' lang='lat' dir='ltr'>quis</span> <span class='ocrx_word' id='word_1_218' title='bbox 580 2599 609 2655; x_wconf 94' lang='lat' dir='ltr'>in</span> <span class='ocrx_word' id='word_1_219' title='bbox 630 2598 767 2656; x_wconf 87' lang='lat' dir='ltr'>universo</span> <span class='ocrx_word' id='word_1_220' title='bbox 817 2613 927 2668; x_wconf 80' lang='lat' dir='ltr'>genere</span> <span class='ocrx_word' id='word_1_221' title='bbox 947 2601 1046 2671; x_wconf 86' lang='lat' dir='ltr'>quoad</span> <span class='ocrx_word' id='word_1_222' title='bbox 1069 2602 1170 2656; x_wconf 91' lang='lat' dir='ltr'>omnia</span> <span class='ocrx_word' id='word_1_223' title='bbox 1189 2602 1353 2673; x_wconf 79' lang='lat' dir='ltr'>spiritualia</span> 
     </span>
     <span class='ocr_line' id='line_1_24' title="bbox 231 2679 1352 2755; baseline 0.001 -17"><span class='ocrx_word' id='word_1_224' title='bbox 231 2695 377 2739; x_wconf 89' lang='lat' dir='ltr'>terrarum</span> <span class='ocrx_word' id='word_1_225' title='bbox 397 2682 486 2745; x_wconf 86' lang='lat' dir='ltr'>Orbe,</span> <span class='ocrx_word' id='word_1_226' title='bbox 505 2681 552 2738; x_wconf 90' lang='lat' dir='ltr'>cui</span> <span class='ocrx_word' id='word_1_227' title='bbox 574 2690 620 2737; x_wconf 87' lang='lat' dir='ltr'>est</span> <span class='ocrx_word' id='word_1_228' title='bbox 640 2679 766 2755; x_wconf 75' lang='lat' dir='ltr'>Religio,</span> <span class='ocrx_word' id='word_1_229' title='bbox 818 2692 895 2750; x_wconf 90' lang='lat' dir='ltr'>quae</span> <span class='ocrx_word' id='word_1_230' title='bbox 905 2679 1053 2737; x_wconf 84' lang='lat' dir='ltr'>Ecclesiae</span> <span class='ocrx_word' id='word_1_231' title='bbox 1062 2693 1092 2737; x_wconf 91' lang='lat' dir='ltr'>et</span> <span class='ocrx_word' id='word_1_232' title='bbox 1101 2682 1352 2755; x_wconf 85' lang='lat' dir='ltr'>Religionissunt,</span> 
     </span>
     <span class='ocr_line' id='line_1_25' title="bbox 234 2761 1353 2835; baseline 0.001 -16"><span class='ocrx_word' id='word_1_233' title='bbox 234 2765 292 2819; x_wconf 86' lang='lat' dir='ltr'>hoc</span> <span class='ocrx_word' id='word_1_234' title='bbox 311 2780 371 2819; x_wconf 90' lang='lat' dir='ltr'>non</span> <span class='ocrx_word' id='word_1_235' title='bbox 384 2764 484 2825; x_wconf 73' lang='lat' dir='ltr'>novitt</span> <span class='ocrx_word' id='word_1_236' title='bbox 504 2774 588 2819; x_wconf 86' lang='lat' dir='ltr'>estne</span> <span class='ocrx_word' id='word_1_237' title='bbox 606 2780 767 2835; x_wconf 77' lang='lat' dir='ltr'>agnoscere</span> <span class='ocrx_word' id='word_1_238' title='bbox 817 2761 895 2815; x_wconf 84' lang='lat' dir='ltr'>sicut</span> <span class='ocrx_word' id='word_1_239' title='bbox 913 2762 1055 2833; x_wconf 87' lang='lat' dir='ltr'>stipitem,</span> <span class='ocrx_word' id='word_1_240' title='bbox 1072 2764 1119 2818; x_wconf 90' lang='lat' dir='ltr'>vel</span> <span class='ocrx_word' id='word_1_241' title='bbox 1138 2765 1214 2819; x_wconf 73' lang='lat' dir='ltr'>simi</span> <span class='ocrx_word' id='word_1_242' title='bbox 1233 2766 1353 2820; x_wconf 89' lang='lat' dir='ltr'>simula·</span> 
     </span>
     <span class='ocr_line' id='line_1_26' title="bbox 232 2842 1352 2909; baseline 0.002 -10"><span class='ocrx_word' id='word_1_243' title='bbox 232 2856 263 2899; x_wconf 89' lang='lat' dir='ltr'>et</span> <span class='ocrx_word' id='word_1_244' title='bbox 281 2860 381 2900; x_wconf 86' lang='lat' dir='ltr'>amare</span> <span class='ocrx_word' id='word_1_245' title='bbox 404 2844 510 2906; x_wconf 88' lang='lat' dir='ltr'>Deum,</span> <span class='ocrx_word' id='word_1_246' title='bbox 530 2842 626 2899; x_wconf 87' lang='lat' dir='ltr'>iacere</span> <span class='ocrx_word' id='word_1_247' title='bbox 645 2844 765 2909; x_wconf 89' lang='lat' dir='ltr'>bonum,</span> <span class='ocrx_word' id='word_1_248' title='bbox 817 2843 922 2898; x_wconf 88' lang='lat' dir='ltr'>chrum</span> <span class='ocrx_word' id='word_1_249' title='bbox 950 2844 1156 2906; x_wconf 86' lang='lat' dir='ltr'>inanimatum,</span> <span class='ocrx_word' id='word_1_250' title='bbox 1176 2856 1208 2899; x_wconf 91' lang='lat' dir='ltr'>et</span> <span class='ocrx_word' id='word_1_251' title='bbox 1233 2863 1293 2900; x_wconf 91' lang='lat' dir='ltr'>non</span> <span class='ocrx_word' id='word_1_252' title='bbox 1319 2859 1352 2901; x_wconf 89' lang='lat' dir='ltr'>ut</span> 
     </span>
     <span class='ocr_line' id='line_1_27' title="bbox 233 2922 1352 2997; baseline 0.002 -18"><span class='ocrx_word' id='word_1_253' title='bbox 233 2926 303 2995; x_wconf 88' lang='lat' dir='ltr'>quia</span> <span class='ocrx_word' id='word_1_254' title='bbox 323 2926 380 2980; x_wconf 89' lang='lat' dir='ltr'>hoc</span> <span class='ocrx_word' id='word_1_255' title='bbox 400 2932 445 2981; x_wconf 87' lang='lat' dir='ltr'>est</span> <span class='ocrx_word' id='word_1_256' title='bbox 467 2922 522 2980; x_wconf 88' lang='lat' dir='ltr'>Dei</span> <span class='ocrx_word' id='word_1_257' title='bbox 542 2936 573 2981; x_wconf 89' lang='lat' dir='ltr'>et</span> <span class='ocrx_word' id='word_1_258' title='bbox 593 2942 609 2980; x_wconf 89' lang='lat' dir='ltr'>a</span> <span class='ocrx_word' id='word_1_259' title='bbox 631 2922 710 2989; x_wconf 79' lang='lat' dir='ltr'>Deo:</span> <span class='ocrx_word' id='word_1_260' title='bbox 736 2938 767 2982; x_wconf 90' lang='lat' dir='ltr'>et</span> <span class='ocrx_word' id='word_1_261' title='bbox 818 2923 970 2979; x_wconf 91' lang='lat' dir='ltr'>hominem</span> <span class='ocrx_word' id='word_1_262' title='bbox 984 2936 1118 2979; x_wconf 89' lang='lat' dir='ltr'>creatum</span> <span class='ocrx_word' id='word_1_263' title='bbox 1136 2926 1173 2980; x_wconf 90' lang='lat' dir='ltr'>ad</span> <span class='ocrx_word' id='word_1_264' title='bbox 1193 2927 1352 2997; x_wconf 80' lang='lat' dir='ltr'>imaginem</span> 
     </span>
     <span class='ocr_line' id='line_1_28' title="bbox 233 3003 1353 3078; baseline 0.006 -17"><span class='ocrx_word' id='word_1_265' title='bbox 233 3016 317 3061; x_wconf 89' lang='lat' dir='ltr'>estne</span> <span class='ocrx_word' id='word_1_266' title='bbox 331 3005 431 3078; x_wconf 85' lang='lat' dir='ltr'>lugere</span> <span class='ocrx_word' id='word_1_267' title='bbox 444 3014 476 3061; x_wconf 88' lang='lat' dir='ltr'>et</span> <span class='ocrx_word' id='word_1_268' title='bbox 488 3005 559 3061; x_wconf 91' lang='lat' dir='ltr'>odio</span> <span class='ocrx_word' id='word_1_269' title='bbox 573 3006 682 3062; x_wconf 87' lang='lat' dir='ltr'>habere</span> <span class='ocrx_word' id='word_1_270' title='bbox 696 3007 766 3063; x_wconf 86' lang='lat' dir='ltr'>Dia·</span> <span class='ocrx_word' id='word_1_271' title='bbox 819 3003 884 3066; x_wconf 80' lang='lat' dir='ltr'>Dei,</span> <span class='ocrx_word' id='word_1_272' title='bbox 894 3006 942 3059; x_wconf 83' lang='lat' dir='ltr'>cui</span> <span class='ocrx_word' id='word_1_273' title='bbox 955 3006 1026 3060; x_wconf 88' lang='lat' dir='ltr'>data</span> <span class='ocrx_word' id='word_1_274' title='bbox 1037 3016 1133 3067; x_wconf 55' lang='lat' dir='ltr'>&amp;het</span> <span class='ocrx_word' id='word_1_275' title='bbox 1146 3007 1288 3062; x_wconf 79' lang='lat' dir='ltr'>continue</span> <span class='ocrx_word' id='word_1_276' title='bbox 1301 3010 1353 3062; x_wconf 81' lang='lat' dir='ltr'>da·</span> 
     </span>
     <span class='ocr_line' id='line_1_29' title="bbox 233 3084 1353 3160; baseline 0.002 -19"><span class='ocrx_word' id='word_1_277' title='bbox 233 3087 344 3149; x_wconf 91' lang='lat' dir='ltr'>bolum,</span> <span class='ocrx_word' id='word_1_278' title='bbox 363 3104 423 3143; x_wconf 92' lang='lat' dir='ltr'>non</span> <span class='ocrx_word' id='word_1_279' title='bbox 443 3084 538 3142; x_wconf 87' lang='lat' dir='ltr'>iacere</span> <span class='ocrx_word' id='word_1_280' title='bbox 557 3088 676 3149; x_wconf 86' lang='lat' dir='ltr'>malum,</span> <span class='ocrx_word' id='word_1_281' title='bbox 696 3090 766 3160; x_wconf 91' lang='lat' dir='ltr'>quia</span> <span class='ocrx_word' id='word_1_282' title='bbox 817 3096 874 3147; x_wconf 87' lang='lat' dir='ltr'>tur,</span> <span class='ocrx_word' id='word_1_283' title='bbox 894 3086 1020 3141; x_wconf 79' lang='lat' dir='ltr'>facultas</span> <span class='ocrx_word' id='word_1_284' title='bbox 1041 3087 1226 3158; x_wconf 86' lang='lat' dir='ltr'>intelligendi</span> <span class='ocrx_word' id='word_1_285' title='bbox 1248 3100 1279 3144; x_wconf 90' lang='lat' dir='ltr'>et</span> <span class='ocrx_word' id='word_1_286' title='bbox 1301 3106 1353 3143; x_wconf 81' lang='lat' dir='ltr'>vo·</span> 
     </span>
     <span class='ocr_line' id='line_1_30' title="bbox 234 3166 1353 3230; baseline 0.002 -9"><span class='ocrx_word' id='word_1_287' title='bbox 234 3168 291 3222; x_wconf 90' lang='lat' dir='ltr'>hoc</span> <span class='ocrx_word' id='word_1_288' title='bbox 316 3179 362 3222; x_wconf 91' lang='lat' dir='ltr'>est</span> <span class='ocrx_word' id='word_1_289' title='bbox 388 3166 506 3222; x_wconf 86' lang='lat' dir='ltr'>Diaboli</span> <span class='ocrx_word' id='word_1_290' title='bbox 531 3178 562 3222; x_wconf 85' lang='lat' dir='ltr'>et</span> <span class='ocrx_word' id='word_1_291' title='bbox 586 3184 603 3223; x_wconf 88' lang='lat' dir='ltr'>a</span> <span class='ocrx_word' id='word_1_292' title='bbox 630 3168 765 3225; x_wconf 90' lang='lat' dir='ltr'>Diabolo.</span> <span class='ocrx_word' id='word_1_293' title='bbox 818 3166 907 3228; x_wconf 91' lang='lat' dir='ltr'>lendi,</span> <span class='ocrx_word' id='word_1_294' title='bbox 932 3167 1072 3221; x_wconf 87' lang='lat' dir='ltr'>credendi</span> <span class='ocrx_word' id='word_1_295' title='bbox 1102 3180 1133 3221; x_wconf 87' lang='lat' dir='ltr'>et</span> <span class='ocrx_word' id='word_1_296' title='bbox 1163 3170 1292 3230; x_wconf 89' lang='lat' dir='ltr'>amandi,</span> <span class='ocrx_word' id='word_1_297' title='bbox 1319 3186 1353 3224; x_wconf 86' lang='lat' dir='ltr'>ac</span> 
     </span>
     <span class='ocr_line' id='line_1_31' title="bbox 234 3246 1354 3319; baseline 0.003 -18"><span class='ocrx_word' id='word_1_298' title='bbox 234 3248 341 3303; x_wconf 87' lang='lat' dir='ltr'>Vestra</span> <span class='ocrx_word' id='word_1_299' title='bbox 352 3246 438 3303; x_wconf 88' lang='lat' dir='ltr'>Fides</span> <span class='ocrx_word' id='word_1_300' title='bbox 448 3246 525 3310; x_wconf 73' lang='lat' dir='ltr'>auu,</span> <span class='ocrx_word' id='word_1_301' title='bbox 534 3264 623 3319; x_wconf 87' lang='lat' dir='ltr'>quam</span> <span class='ocrx_word' id='word_1_302' title='bbox 633 3251 766 3305; x_wconf 89' lang='lat' dir='ltr'>vocavis·</span> <span class='ocrx_word' id='word_1_303' title='bbox 818 3247 961 3317; x_wconf 82' lang='lat' dir='ltr'>loquendi</span> <span class='ocrx_word' id='word_1_304' title='bbox 973 3258 1005 3301; x_wconf 87' lang='lat' dir='ltr'>et</span> <span class='ocrx_word' id='word_1_305' title='bbox 1016 3247 1152 3310; x_wconf 76' lang='lat' dir='ltr'>faciendi,</span> <span class='ocrx_word' id='word_1_306' title='bbox 1166 3265 1285 3319; x_wconf 83' lang='lat' dir='ltr'>prorsus</span> <span class='ocrx_word' id='word_1_307' title='bbox 1298 3251 1354 3304; x_wconf 90' lang='lat' dir='ltr'>sic·</span> 
     </span>
     <span class='ocr_line' id='line_1_32' title="bbox 234 3326 1353 3399; baseline 0.005 -16"><span class='ocrx_word' id='word_1_308' title='bbox 234 3329 273 3383; x_wconf 89' lang='lat' dir='ltr'>tis</span> <span class='ocrx_word' id='word_1_309' title='bbox 293 3326 396 3384; x_wconf 90' lang='lat' dir='ltr'>Fidem</span> <span class='ocrx_word' id='word_1_310' title='bbox 410 3328 496 3399; x_wconf 87' lang='lat' dir='ltr'>plene</span> <span class='ocrx_word' id='word_1_311' title='bbox 511 3328 722 3399; x_wconf 86' lang='lat' dir='ltr'>justificantem</span> <span class='ocrx_word' id='word_1_312' title='bbox 736 3341 767 3385; x_wconf 89' lang='lat' dir='ltr'>et</span> <span class='ocrx_word' id='word_1_313' title='bbox 818 3338 883 3381; x_wconf 90' lang='lat' dir='ltr'>uta</span> <span class='ocrx_word' id='word_1_314' title='bbox 894 3344 937 3390; x_wconf 83' lang='lat' dir='ltr'>se,</span> <span class='ocrx_word' id='word_1_315' title='bbox 945 3328 1090 3397; x_wconf 88' lang='lat' dir='ltr'>imprimis</span> <span class='ocrx_word' id='word_1_316' title='bbox 1104 3329 1132 3382; x_wconf 90' lang='lat' dir='ltr'>in</span> <span class='ocrx_word' id='word_1_317' title='bbox 1143 3330 1353 3399; x_wconf 84' lang='lat' dir='ltr'>spiritualibus.</span> 
     </span>
     <span class='ocr_line' id='line_1_33' title="bbox 234 3408 1352 3480; baseline -0.001 -15"><span class='ocrx_word' id='word_1_318' title='bbox 234 3410 406 3471; x_wconf 85' lang='lat' dir='ltr'>salvantem,</span> <span class='ocrx_word' id='word_1_319' title='bbox 424 3425 486 3469; x_wconf 88' lang='lat' dir='ltr'>seu,</span> <span class='ocrx_word' id='word_1_320' title='bbox 499 3411 580 3480; x_wconf 87' lang='lat' dir='ltr'>quod</span> <span class='ocrx_word' id='word_1_321' title='bbox 601 3410 688 3473; x_wconf 89' lang='lat' dir='ltr'>idem,</span> <span class='ocrx_word' id='word_1_322' title='bbox 702 3428 767 3466; x_wconf 90' lang='lat' dir='ltr'>ves·</span> <span class='ocrx_word' id='word_1_323' title='bbox 818 3408 889 3478; x_wconf 86' lang='lat' dir='ltr'>quia</span> <span class='ocrx_word' id='word_1_324' title='bbox 901 3408 995 3462; x_wconf 91' lang='lat' dir='ltr'>homo</span> <span class='ocrx_word' id='word_1_325' title='bbox 1007 3420 1053 3462; x_wconf 86' lang='lat' dir='ltr'>est</span> <span class='ocrx_word' id='word_1_326' title='bbox 1066 3408 1160 3463; x_wconf 89' lang='lat' dir='ltr'>homo</span> <span class='ocrx_word' id='word_1_327' title='bbox 1171 3425 1208 3464; x_wconf 82' lang='lat' dir='ltr'>ex</span> <span class='ocrx_word' id='word_1_328' title='bbox 1219 3410 1284 3464; x_wconf 91' lang='lat' dir='ltr'>iilis.</span> <span class='ocrx_word' id='word_1_329' title='bbox 1322 3410 1352 3465; x_wconf 86' lang='lat' dir='ltr'>Si</span> 
     </span>
     <span class='ocr_line' id='line_1_34' title="bbox 235 3488 1354 3563; baseline 0.001 -19"><span class='ocrx_word' id='word_1_330' title='bbox 235 3500 280 3545; x_wconf 87' lang='lat' dir='ltr'>ter</span> <span class='ocrx_word' id='word_1_331' title='bbox 289 3488 372 3545; x_wconf 68' lang='lat' dir='ltr'>adius</span> <span class='ocrx_word' id='word_1_332' title='bbox 381 3488 601 3560; x_wconf 86' lang='lat' dir='ltr'>justificationis</span> <span class='ocrx_word' id='word_1_333' title='bbox 612 3508 664 3561; x_wconf 91' lang='lat' dir='ltr'>per</span> <span class='ocrx_word' id='word_1_334' title='bbox 673 3492 766 3547; x_wconf 90' lang='lat' dir='ltr'>solam</span> <span class='ocrx_word' id='word_1_335' title='bbox 820 3490 914 3543; x_wconf 90' lang='lat' dir='ltr'>homo</span> <span class='ocrx_word' id='word_1_336' title='bbox 928 3488 958 3541; x_wconf 91' lang='lat' dir='ltr'>in</span> <span class='ocrx_word' id='word_1_337' title='bbox 971 3490 1174 3560; x_wconf 83' lang='lat' dir='ltr'>spiritualibus</span> <span class='ocrx_word' id='word_1_338' title='bbox 1194 3507 1254 3545; x_wconf 92' lang='lat' dir='ltr'>non</span> <span class='ocrx_word' id='word_1_339' title='bbox 1273 3493 1354 3563; x_wconf 82' lang='lat' dir='ltr'>eogi-</span> 
     </span>
     <span class='ocr_line' id='line_1_35' title="bbox 237 3568 1353 3643; baseline 0.005 -19"><span class='ocrx_word' id='word_1_340' title='bbox 237 3568 349 3633; x_wconf 89' lang='lat' dir='ltr'>Fidem,</span> <span class='ocrx_word' id='word_1_341' title='bbox 361 3586 430 3624; x_wconf 91' lang='lat' dir='ltr'>num</span> <span class='ocrx_word' id='word_1_342' title='bbox 442 3570 531 3626; x_wconf 89' lang='lat' dir='ltr'>docet</span> <span class='ocrx_word' id='word_1_343' title='bbox 542 3570 637 3627; x_wconf 88' lang='lat' dir='ltr'>lacere</span> <span class='ocrx_word' id='word_1_344' title='bbox 646 3573 767 3643; x_wconf 87' lang='lat' dir='ltr'>aliquod</span> <span class='ocrx_word' id='word_1_345' title='bbox 819 3579 897 3623; x_wconf 88' lang='lat' dir='ltr'>taret</span> <span class='ocrx_word' id='word_1_346' title='bbox 921 3580 952 3624; x_wconf 91' lang='lat' dir='ltr'>et</span> <span class='ocrx_word' id='word_1_347' title='bbox 973 3581 1147 3639; x_wconf 80' lang='lat' dir='ltr'>operaretur</span> <span class='ocrx_word' id='word_1_348' title='bbox 1168 3572 1247 3625; x_wconf 89' lang='lat' dir='ltr'>sicut</span> <span class='ocrx_word' id='word_1_349' title='bbox 1269 3588 1289 3626; x_wconf 89' lang='lat' dir='ltr'>a</span> <span class='ocrx_word' id='word_1_350' title='bbox 1312 3589 1353 3631; x_wconf 86' lang='lat' dir='ltr'>se.</span> 
     </span>
     <span class='ocr_line' id='line_1_36' title="bbox 235 3649 1368 3721; baseline 0.007 -16"><span class='ocrx_word' id='word_1_351' title='bbox 235 3651 347 3705; x_wconf 87' lang='lat' dir='ltr'>bonum</span> <span class='ocrx_word' id='word_1_352' title='bbox 358 3650 439 3721; x_wconf 85' lang='lat' dir='ltr'>quod</span> <span class='ocrx_word' id='word_1_353' title='bbox 450 3661 496 3705; x_wconf 84' lang='lat' dir='ltr'>est</span> <span class='ocrx_word' id='word_1_354' title='bbox 510 3650 640 3707; x_wconf 78' lang='lat' dir='ltr'>Deiera</span> <span class='ocrx_word' id='word_1_355' title='bbox 654 3652 727 3715; x_wconf 87' lang='lat' dir='ltr'>Deo,</span> <span class='ocrx_word' id='word_1_356' title='bbox 737 3664 768 3709; x_wconf 84' lang='lat' dir='ltr'>et</span> <span class='ocrx_word' id='word_1_357' title='bbox 797 3704 798 3709; x_wconf 75' lang='grc'>,</span> <span class='ocrx_word' id='word_1_358' title='bbox 819 3650 892 3721; x_wconf 85' lang='lat' dir='ltr'>quid</span> <span class='ocrx_word' id='word_1_359' title='bbox 906 3660 979 3703; x_wconf 86' lang='lat' dir='ltr'>tunc</span> <span class='ocrx_word' id='word_1_360' title='bbox 990 3649 1093 3713; x_wconf 61' lang='lat' dir='ltr'>Fidem</span> <span class='ocrx_word' id='word_1_361' title='bbox 1111 3652 1183 3721; x_wconf 84' lang='lat' dir='ltr'>quid</span> <span class='ocrx_word' id='word_1_362' title='bbox 1193 3651 1368 3707; x_wconf 62' lang='lat' dir='ltr'>tnnccha:</span> 
     </span>
     <span class='ocr_line' id='line_1_37' title="bbox 236 3730 1354 3802; baseline 0.002 -18"><span class='ocrx_word' id='word_1_363' title='bbox 236 3748 306 3785; x_wconf 94' lang='lat' dir='ltr'>num</span> <span class='ocrx_word' id='word_1_364' title='bbox 318 3732 406 3786; x_wconf 87' lang='lat' dir='ltr'>docet</span> <span class='ocrx_word' id='word_1_365' title='bbox 416 3730 518 3802; x_wconf 86' lang='lat' dir='ltr'>lugere</span> <span class='ocrx_word' id='word_1_366' title='bbox 525 3732 645 3802; x_wconf 87' lang='lat' dir='ltr'>aliquod</span> <span class='ocrx_word' id='word_1_367' title='bbox 657 3734 767 3788; x_wconf 88' lang='lat' dir='ltr'>malurn</span> <span class='ocrx_word' id='word_1_368' title='bbox 820 3731 907 3792; x_wconf 79' lang='lat' dir='ltr'>ritas:</span> <span class='ocrx_word' id='word_1_369' title='bbox 924 3742 955 3785; x_wconf 91' lang='lat' dir='ltr'>et</span> <span class='ocrx_word' id='word_1_370' title='bbox 970 3730 1042 3801; x_wconf 91' lang='lat' dir='ltr'>quid</span> <span class='ocrx_word' id='word_1_371' title='bbox 1062 3742 1134 3785; x_wconf 91' lang='lat' dir='ltr'>tunc</span> <span class='ocrx_word' id='word_1_372' title='bbox 1146 3730 1268 3793; x_wconf 80' lang='lat' dir='ltr'>Cultus:</span> <span class='ocrx_word' id='word_1_373' title='bbox 1293 3733 1354 3786; x_wconf 88' lang='lat' dir='ltr'>imo</span> 
     </span>
     <span class='ocr_line' id='line_1_38' title="bbox 235 3808 1354 3883; baseline 0.001 -17"><span class='ocrx_word' id='word_1_374' title='bbox 235 3811 316 3883; x_wconf 87' lang='lat' dir='ltr'>quod</span> <span class='ocrx_word' id='word_1_375' title='bbox 336 3821 382 3866; x_wconf 86' lang='lat' dir='ltr'>est</span> <span class='ocrx_word' id='word_1_376' title='bbox 402 3808 519 3866; x_wconf 89' lang='lat' dir='ltr'>Diaboli</span> <span class='ocrx_word' id='word_1_377' title='bbox 539 3822 569 3866; x_wconf 91' lang='lat' dir='ltr'>et</span> <span class='ocrx_word' id='word_1_378' title='bbox 588 3812 769 3877; x_wconf 85' lang='lat' dir='ltr'>a·Diabolo;</span> <span class='ocrx_word' id='word_1_379' title='bbox 820 3811 892 3882; x_wconf 86' lang='lat' dir='ltr'>quid</span> <span class='ocrx_word' id='word_1_380' title='bbox 917 3821 991 3865; x_wconf 91' lang='lat' dir='ltr'>tunc</span> <span class='ocrx_word' id='word_1_381' title='bbox 1017 3810 1148 3866; x_wconf 83' lang='lat' dir='ltr'>Ecclesia</span> <span class='ocrx_word' id='word_1_382' title='bbox 1171 3822 1202 3867; x_wconf 89' lang='lat' dir='ltr'>et</span> <span class='ocrx_word' id='word_1_383' title='bbox 1228 3812 1354 3883; x_wconf 83' lang='lat' dir='ltr'>Religio.</span> 
     </span>
     <span class='ocr_line' id='line_1_39' title="bbox 236 3891 1354 3965; baseline 0.001 -20"><span class='ocrx_word' id='word_1_384' title='bbox 236 3908 356 3962; x_wconf 90' lang='lat' dir='ltr'>prorsus</span> <span class='ocrx_word' id='word_1_385' title='bbox 369 3892 452 3953; x_wconf 90' lang='lat' dir='ltr'>nihil,</span> <span class='ocrx_word' id='word_1_386' title='bbox 462 3892 533 3962; x_wconf 88' lang='lat' dir='ltr'>quia</span> <span class='ocrx_word' id='word_1_387' title='bbox 545 3894 768 3965; x_wconf 87' lang='lat' dir='ltr'>statuitisquod</span> <span class='ocrx_word' id='word_1_388' title='bbox 822 3891 925 3946; x_wconf 87' lang='lat' dir='ltr'>Nostis</span> <span class='ocrx_word' id='word_1_389' title='bbox 935 3892 1016 3962; x_wconf 88' lang='lat' dir='ltr'>quod</span> <span class='ocrx_word' id='word_1_390' title='bbox 1030 3891 1126 3946; x_wconf 88' lang='lat' dir='ltr'>lacere</span> <span class='ocrx_word' id='word_1_391' title='bbox 1139 3893 1252 3946; x_wconf 91' lang='lat' dir='ltr'>bonum</span> <span class='ocrx_word' id='word_1_392' title='bbox 1267 3909 1354 3963; x_wconf 82' lang='lat' dir='ltr'>prox-</span> 
     </span>
     <span class='ocr_line' id='line_1_40' title="bbox 235 3971 1353 4046; baseline 0.002 -21"><span class='ocrx_word' id='word_1_393' title='bbox 235 3972 264 4025; x_wconf 92' lang='lat' dir='ltr'>in</span> <span class='ocrx_word' id='word_1_394' title='bbox 274 3971 485 4041; x_wconf 90' lang='lat' dir='ltr'>utroquenihil</span> <span class='ocrx_word' id='word_1_395' title='bbox 494 3972 651 4029; x_wconf 88' lang='lat' dir='ltr'>salutissit.</span> <span class='ocrx_word' id='word_1_396' title='bbox 688 3973 768 4046; x_wconf 81' lang='lat' dir='ltr'>Quid</span> <span class='ocrx_word' id='word_1_397' title='bbox 821 3972 1285 4034; x_wconf 81' lang='lat' dir='ltr'>imoexamoresitCharitas;at</span> <span class='ocrx_word' id='word_1_398' title='bbox 1294 3990 1353 4027; x_wconf 94' lang='lat' dir='ltr'>non</span> 
     </span>
     <span class='ocr_line' id='line_1_41' title="bbox 235 4051 1354 4125; baseline 0.002 -19"><span class='ocrx_word' id='word_1_399' title='bbox 235 4063 335 4107; x_wconf 87' lang='lat' dir='ltr'>vestra</span> <span class='ocrx_word' id='word_1_400' title='bbox 358 4051 553 4115; x_wconf 78' lang='lat' dir='ltr'>Fides¹statu,</span> <span class='ocrx_word' id='word_1_401' title='bbox 572 4070 661 4125; x_wconf 89' lang='lat' dir='ltr'>quam</span> <span class='ocrx_word' id='word_1_402' title='bbox 681 4072 768 4110; x_wconf 88' lang='lat' dir='ltr'>voca-</span> <span class='ocrx_word' id='word_1_403' title='bbox 821 4054 916 4108; x_wconf 88' lang='lat' dir='ltr'>nostis</span> <span class='ocrx_word' id='word_1_404' title='bbox 928 4054 1000 4124; x_wconf 88' lang='lat' dir='ltr'>quid</span> <span class='ocrx_word' id='word_1_405' title='bbox 1015 4052 1158 4116; x_wconf 85' lang='lat' dir='ltr'>Charitas,</span> <span class='ocrx_word' id='word_1_406' title='bbox 1172 4070 1240 4107; x_wconf 90' lang='lat' dir='ltr'>cum</span> <span class='ocrx_word' id='word_1_407' title='bbox 1254 4066 1354 4109; x_wconf 89' lang='lat' dir='ltr'>tamen</span> 
     </span>
     <span class='ocr_line' id='line_1_42' title="bbox 235 4132 1354 4205; baseline 0 -18"><span class='ocrx_word' id='word_1_408' title='bbox 235 4134 320 4188; x_wconf 89' lang='lat' dir='ltr'>vistis</span> <span class='ocrx_word' id='word_1_409' title='bbox 331 4132 433 4187; x_wconf 86' lang='lat' dir='ltr'>Fidem</span> <span class='ocrx_word' id='word_1_410' title='bbox 445 4134 656 4203; x_wconf 88' lang='lat' dir='ltr'>procedentem</span> <span class='ocrx_word' id='word_1_411' title='bbox 665 4147 696 4190; x_wconf 90' lang='lat' dir='ltr'>et</span> <span class='ocrx_word' id='word_1_412' title='bbox 704 4152 769 4205; x_wconf 88' lang='lat' dir='ltr'>per-</span> <span class='ocrx_word' id='word_1_413' title='bbox 821 4133 959 4190; x_wconf 87' lang='lat' dir='ltr'>Charitas</span> <span class='ocrx_word' id='word_1_414' title='bbox 968 4145 1015 4189; x_wconf 91' lang='lat' dir='ltr'>est</span> <span class='ocrx_word' id='word_1_415' title='bbox 1024 4134 1132 4195; x_wconf 89' lang='lat' dir='ltr'>anima,</span> <span class='ocrx_word' id='word_1_416' title='bbox 1140 4134 1203 4188; x_wconf 86' lang='lat' dir='ltr'>vita</span> <span class='ocrx_word' id='word_1_417' title='bbox 1214 4145 1245 4188; x_wconf 91' lang='lat' dir='ltr'>et</span> <span class='ocrx_word' id='word_1_418' title='bbox 1255 4151 1354 4189; x_wconf 87' lang='lat' dir='ltr'>essen-</span> 
     </span>
     <span class='ocr_line' id='line_1_43' title="bbox 237 4213 1355 4285; baseline 0.003 -18"><span class='ocrx_word' id='word_1_419' title='bbox 237 4213 395 4275; x_wconf 85' lang='lat' dir='ltr'>lieientem,</span> <span class='ocrx_word' id='word_1_420' title='bbox 409 4214 465 4268; x_wconf 90' lang='lat' dir='ltr'>nisi</span> <span class='ocrx_word' id='word_1_421' title='bbox 485 4215 588 4269; x_wconf 89' lang='lat' dir='ltr'>eadem</span> <span class='ocrx_word' id='word_1_422' title='bbox 607 4232 674 4269; x_wconf 89' lang='lat' dir='ltr'>cum</span> <span class='ocrx_word' id='word_1_423' title='bbox 696 4216 768 4271; x_wconf 88' lang='lat' dir='ltr'>Fide</span> <span class='ocrx_word' id='word_1_424' title='bbox 820 4216 862 4270; x_wconf 85' lang='lat' dir='ltr'>tia</span> <span class='ocrx_word' id='word_1_425' title='bbox 879 4215 978 4270; x_wconf 89' lang='lat' dir='ltr'>Fidei:</span> <span class='ocrx_word' id='word_1_426' title='bbox 1005 4226 1036 4270; x_wconf 92' lang='lat' dir='ltr'>et</span> <span class='ocrx_word' id='word_1_427' title='bbox 1057 4216 1128 4285; x_wconf 90' lang='lat' dir='ltr'>quia</span> <span class='ocrx_word' id='word_1_428' title='bbox 1149 4214 1286 4270; x_wconf 89' lang='lat' dir='ltr'>Charitas</span> <span class='ocrx_word' id='word_1_429' title='bbox 1308 4226 1355 4270; x_wconf 88' lang='lat' dir='ltr'>est</span> 
     </span>
     <span class='ocr_line' id='line_1_44' title="bbox 235 4292 1354 4368; baseline 0.002 -19"><span class='ocrx_word' id='word_1_430' title='bbox 235 4292 311 4349; x_wconf 76' lang='lat' dir='ltr'>ailu.</span> <span class='ocrx_word' id='word_1_431' title='bbox 340 4292 769 4367; x_wconf 76' lang='lat' dir='ltr'>Quomodopotesthaecper-</span> <span class='ocrx_word' id='word_1_432' title='bbox 820 4297 918 4351; x_wconf 91' lang='lat' dir='ltr'>omnis</span> <span class='ocrx_word' id='word_1_433' title='bbox 939 4296 996 4357; x_wconf 85' lang='lat' dir='ltr'>illa,</span> <span class='ocrx_word' id='word_1_434' title='bbox 1015 4297 1088 4368; x_wconf 88' lang='lat' dir='ltr'>quid</span> <span class='ocrx_word' id='word_1_435' title='bbox 1109 4306 1181 4350; x_wconf 90' lang='lat' dir='ltr'>tunc</span> <span class='ocrx_word' id='word_1_436' title='bbox 1199 4306 1245 4351; x_wconf 88' lang='lat' dir='ltr'>est</span> <span class='ocrx_word' id='word_1_437' title='bbox 1266 4296 1354 4351; x_wconf 75' lang='lat' dir='ltr'>Fides</span> 
     </span>
     <span class='ocr_line' id='line_1_45' title="bbox 236 4374 1355 4439; baseline 0.003 -11"><span class='ocrx_word' id='word_1_438' title='bbox 236 4374 291 4436; x_wconf 86' lang='lat' dir='ltr'>fici,</span> <span class='ocrx_word' id='word_1_439' title='bbox 302 4390 370 4428; x_wconf 90' lang='lat' dir='ltr'>cum</span> <span class='ocrx_word' id='word_1_440' title='bbox 384 4374 542 4430; x_wconf 83' lang='lat' dir='ltr'>excluditis</span> <span class='ocrx_word' id='word_1_441' title='bbox 554 4390 643 4432; x_wconf 92' lang='lat' dir='ltr'>omne</span> <span class='ocrx_word' id='word_1_442' title='bbox 656 4378 768 4433; x_wconf 88' lang='lat' dir='ltr'>bonurn</span> <span class='ocrx_word' id='word_1_443' title='bbox 820 4388 937 4432; x_wconf 88' lang='lat' dir='ltr'>remota</span> <span class='ocrx_word' id='word_1_444' title='bbox 958 4377 1119 4439; x_wconf 79' lang='lat' dir='ltr'>charitate,</span> <span class='ocrx_word' id='word_1_445' title='bbox 1143 4378 1198 4432; x_wconf 90' lang='lat' dir='ltr'>nisi</span> <span class='ocrx_word' id='word_1_446' title='bbox 1222 4388 1355 4437; x_wconf 87' lang='lat' dir='ltr'>mortua;</span> 
     </span>
     <span class='ocr_line' id='line_1_46' title="bbox 233 4455 1354 4526; baseline 0.004 -18"><span class='ocrx_word' id='word_1_447' title='bbox 233 4455 272 4509; x_wconf 90' lang='lat' dir='ltr'>ab</span> <span class='ocrx_word' id='word_1_448' title='bbox 281 4455 403 4509; x_wconf 91' lang='lat' dir='ltr'>bomine</span> <span class='ocrx_word' id='word_1_449' title='bbox 413 4455 490 4509; x_wconf 90' lang='lat' dir='ltr'>sicut</span> <span class='ocrx_word' id='word_1_450' title='bbox 499 4456 537 4509; x_wconf 90' lang='lat' dir='ltr'>ab</span> <span class='ocrx_word' id='word_1_451' title='bbox 547 4456 620 4526; x_wconf 90' lang='lat' dir='ltr'>ipso,</span> <span class='ocrx_word' id='word_1_452' title='bbox 632 4458 767 4520; x_wconf 90' lang='lat' dir='ltr'>dicendo,</span> <span class='ocrx_word' id='word_1_453' title='bbox 820 4469 852 4513; x_wconf 90' lang='lat' dir='ltr'>et</span> <span class='ocrx_word' id='word_1_454' title='bbox 878 4457 967 4513; x_wconf 85' lang='lat' dir='ltr'>Fides</span> <span class='ocrx_word' id='word_1_455' title='bbox 992 4470 1111 4513; x_wconf 91' lang='lat' dir='ltr'>mortua</span> <span class='ocrx_word' id='word_1_456' title='bbox 1139 4475 1198 4511; x_wconf 92' lang='lat' dir='ltr'>non</span> <span class='ocrx_word' id='word_1_457' title='bbox 1223 4469 1270 4512; x_wconf 88' lang='lat' dir='ltr'>est</span> <span class='ocrx_word' id='word_1_458' title='bbox 1298 4458 1354 4512; x_wconf 89' lang='lat' dir='ltr'>nisi</span> 
     </span>
     <span class='ocr_line' id='line_1_47' title="bbox 236 4534 1355 4609; baseline 0.005 -22"><span class='ocrx_word' id='word_1_459' title='bbox 236 4535 378 4604; x_wconf 84' lang='lat' dir='ltr'>Quomodo</span> <span class='ocrx_word' id='word_1_460' title='bbox 388 4538 481 4604; x_wconf 74' lang='lat' dir='ltr'>potest</span> <span class='ocrx_word' id='word_1_461' title='bbox 493 4534 575 4589; x_wconf 80' lang='lat' dir='ltr'>homo</span> <span class='ocrx_word' id='word_1_462' title='bbox 586 4538 704 4591; x_wconf 83' lang='lat' dir='ltr'>salvari</span> <span class='ocrx_word' id='word_1_463' title='bbox 711 4543 769 4609; x_wconf 71' lang='lat' dir='ltr'>per</span> <span class='ocrx_word' id='word_1_464' title='bbox 820 4555 910 4609; x_wconf 90' lang='lat' dir='ltr'>quarn</span> <span class='ocrx_word' id='word_1_465' title='bbox 919 4536 1084 4609; x_wconf 66' lang='lat' dir='ltr'>spedirum</span> <span class='ocrx_word' id='word_1_466' title='bbox 1097 4555 1173 4593; x_wconf 89' lang='lat' dir='ltr'>voco</span> <span class='ocrx_word' id='word_1_467' title='bbox 1182 4539 1262 4592; x_wconf 89' lang='lat' dir='ltr'>illam</span> <span class='ocrx_word' id='word_1_468' title='bbox 1271 4554 1355 4609; x_wconf 88' lang='lat' dir='ltr'>spec-</span> 
     </span>
     <span class='ocr_line' id='line_1_48' title="bbox 233 4614 1355 4691; baseline 0.005 -24"><span class='ocrx_word' id='word_1_469' title='bbox 233 4614 355 4683; x_wconf 81' lang='lat' dir='ltr'>uliquod</span> <span class='ocrx_word' id='word_1_470' title='bbox 369 4614 549 4677; x_wconf 83' lang='lat' dir='ltr'>bonumase,</span> <span class='ocrx_word' id='word_1_471' title='bbox 562 4634 626 4670; x_wconf 86' lang='lat' dir='ltr'>cum</span> <span class='ocrx_word' id='word_1_472' title='bbox 643 4618 768 4673; x_wconf 68' lang='lat' dir='ltr'>salvabo</span> <span class='ocrx_word' id='word_1_473' title='bbox 819 4630 908 4680; x_wconf 87' lang='lat' dir='ltr'>trum.</span> <span class='ocrx_word' id='word_1_474' title='bbox 934 4620 1005 4690; x_wconf 88' lang='lat' dir='ltr'>quia</span> <span class='ocrx_word' id='word_1_475' title='bbox 1033 4618 1162 4691; x_wconf 86' lang='lat' dir='ltr'>Jacobus</span> <span class='ocrx_word' id='word_1_476' title='bbox 1189 4618 1355 4689; x_wconf 84' lang='lat' dir='ltr'>Apostolus</span> 
     </span>
     <span class='ocr_line' id='line_1_49' title="bbox 159 4697 1354 4773; baseline 0.005 -26"><span class='ocrx_word' id='word_1_477' title='bbox 159 4760 164 4773; x_wconf 32' lang='grc' dir='ltr'><em>ι</em></span> <span class='ocrx_word' id='word_1_478' title='bbox 233 4697 437 4766; x_wconf 75' lang='lat' dir='ltr'>estgraturla:</span> <span class='ocrx_word' id='word_1_479' title='bbox 455 4707 519 4749; x_wconf 91' lang='lat' dir='ltr'>tum</span> <span class='ocrx_word' id='word_1_480' title='bbox 532 4697 613 4767; x_wconf 82' lang='lat' dir='ltr'>Quid</span> <span class='ocrx_word' id='word_1_481' title='bbox 622 4698 721 4753; x_wconf 84' lang='lat' dir='ltr'>bonum</span> <span class='ocrx_word' id='word_1_482' title='bbox 732 4700 767 4754; x_wconf 84' lang='lat' dir='ltr'>ab</span> <span class='ocrx_word' id='word_1_483' title='bbox 820 4713 908 4755; x_wconf 74' lang='lat' dir='ltr'>voest</span> <span class='ocrx_word' id='word_1_484' title='bbox 920 4700 942 4754; x_wconf 88' lang='lat' dir='ltr'>F</span> <span class='ocrx_word' id='word_1_485' title='bbox 945 4700 1023 4755; x_wconf 87' lang='lat' dir='ltr'>idem</span> <span class='ocrx_word' id='word_1_486' title='bbox 1032 4701 1143 4771; x_wconf 89' lang='lat' dir='ltr'>absque</span> <span class='ocrx_word' id='word_1_487' title='bbox 1154 4700 1241 4754; x_wconf 90' lang='lat' dir='ltr'>bonis</span> <span class='ocrx_word' id='word_1_488' title='bbox 1249 4698 1354 4771; x_wconf 89' lang='lat' dir='ltr'>Operi·</span> 
     </span>
    </p>
   </div>
   <div class='ocr_carea' id='block_1_3' title="bbox 0 0 1700 5396">
    <p class='ocr_par' dir='ltr' id='par_1_4' title="bbox 0 0 1700 5396">
     <span class='ocr_line' id='line_1_50' title="bbox 0 0 1700 5396; baseline 0 0"><span class='ocrx_word' id='word_1_489' title='bbox 0 0 1700 5396; x_wconf 95' lang='lat' dir='ltr'> </span> 
     </span>
    </p>
   </div>
  </div>
 </body>
</html>
