3384 5400
543 705 622 758 cnr.
640 703 876 766 xv111.,vaas.
897 704 1022 754 10.·-u.
1038 690 1109 772 769.
1342 686 1402 770 671

286 891 347 930 non
361 884 407 930 est
422 873 534 931 Sensus
552 875 694 930 naturalis
713 874 765 929 sed
784 873 953 944 spiritualis,
966 874 1037 943 quia
1054 889 1109 944 pro
1121 872 1247 944 Angelis
1286 871 1315 926 ui
1334 881 1406 925 sunt

285 945 467 1015 spirituales:
486 957 598 1001 etcum
613 945 642 1000 id
662 946 808 1016 legebant,
823 943 979 998 manifeste
991 944 1133 998 videbant
1146 959 1206 998 non
1225 943 1265 996 ibi
1307 951 1404 996 etrum

286 1015 441 1078 nominari,
454 1015 506 1072 sed
527 1016 594 1071 loco
606 1017 679 1086 ejus,
693 1023 708 1045 ‘⁴
719 1015 824 1068 Vmem
834 1031 871 1068 ex
882 1015 950 1068 bono
962 1014 1040 1083 quod
1047 1031 1067 1067 a
1081 1013 1231 1067 Domino?

341 1085 408 1140 Hoc
421 1086 485 1140 viso
495 1103 532 1142 ex
542 1087 585 1141 ira
598 1087 764 1156 rejecerunt
775 1085 862 1146 illud;
882 1100 975 1155 paene
987 1084 1180 1138 dilaniassent
1192 1082 1340 1145 dentibus,
1348 1083 1404 1138 nisi

284 1171 323 1212 eo
336 1168 491 1212 momento
504 1157 636 1212 ablatum
650 1155 763 1210 luisset.

340 1225 412 1280 lnde
420 1225 552 1282 convitii
562 1237 640 1288 sunt,
649 1226 768 1282 tametsi
779 1242 839 1280 non
850 1226 1009 1280 voluerunt
1018 1224 1163 1285 convinci,
1171 1223 1252 1294 quod
1266 1222 1328 1278 Soli
1344 1223 1405 1278 Do-

285 1313 376 1422 3:331
377 1297 436 1422 iilla
454 1308 588 1368 potestas
607 1298 655 1360 sit,
667 1307 699 1352 et
715 1312 752 1352 eo
771 1297 869 1350 minus
885 1295 972 1350 alicui
990 1295 1113 1358 homini,
1126 1296 1198 1366 quia
1209 1305 1255 1350 est
1270 1305 1405 1365 potestas

342 1531 444 1614 769·
469 1543 555 1610 [Veri.
571 1541 624 1608 ro]
648 1535 714 1592 'tl
738 1549 756 1593 ο
783 1529 944 1613 longinquo
969 1533 1091 1593 stanles
1113 1534 1241 1610 propter·
1266 1528 1403 1592 timomn

284 1619 443 1682 emulatus
457 1618 534 1700 ejus,
548 1617 697 1692 dieentes,
714 1619 784 1692 lus,
800 1637 866 1691 ras,
880 1619 954 1684 urle
973 1617 1027 1680 itta
1045 1638 1158 1701 mapsa
1171 1618 1315 1701 Babylon,
1330 1619 1404 1683 urla

283 1707 336 1770 illa
360 1709 467 1781 valido,
491 1706 562 1790 quia
585 1707 616 1769 r'n
637 1728 698 1770 una
722 1708 798 1772 horu
824 1708 904 1772 venii
918 1707 1065 1790 judicium
1089 1709 1209 1780 tuomst
1230 1708 1402 1790 significat

283 1799 433 1864 tr'morem
455 1799 589 1863 illorum
606 1809 672 1882 pro
689 1801 816 1882 poenis,
836 1809 869 1862 et
890 1810 965 1865 tunc
981 1821 1122 1882 gravem
1140 1799 1404 1864 lamentationem

282 1894 375 1978 quod
389 1893 595 1976 Religiosum
613 1894 654 1958 id
672 1895 721 1958 ita
743 1894 904 1958 munitum
922 1904 991 1957 tam
1009 1893 1116 1957 subito
1133 1905 1165 1958 et
1176 1894 1280 1975 plane
1292 1895 1404 1976 possit

282 1989 396 2066 everti,
417 1998 449 2052 et
470 1987 525 2051 illi
540 1989 674 2070 possint
691 1987 918 2070 petire—“E
943 1989 1128 2072 longinquo
1150 1999 1242 2052 stare
1264 2000 1403 2073 propter

284 2084 441 2147 timorem
471 2081 662 2146 cruciatus”
690 2081 859 2165 significat
888 2092 1017 2146 statum
1046 2082 1155 2145 adhuc
1185 2092 1352 2146 remotum
1381 2103 1402 2146 a

284 2187 378 2240 statu
399 2177 533 2240 illorum
556 2178 612 2260 qui
633 2177 667 2240 in
685 2177 906 2240 damnatione
928 2185 1018 2251 sunt,
1041 2177 1119 2259 quia
1140 2177 1174 2239 in
1197 2178 1318 2240 timore
1340 2197 1402 2259 pro

283 2272 444 2344 cruciatu,
469 2269 511 2334 de
534 2290 602 2354 quo
623 2271 790 2354 sequitur;
831 2275 931 2345 “vae,
955 2269 1048 2342 vae,”
1071 2259 1238 2352 significat
1261 2289 1401 2352 gravem

283 2363 585 2428 lamentationem:
602 2365 692 2448 quod
704 2363 817 2429 “vae’'
827 2363 995 2446 significet
1008 2364 1289 2427 lamentationem
1302 2385 1401 2446 super

284 2458 492 2533 calamitate,
516 2458 714 2522 infelicitate
739 2468 775 2522 et
798 2458 1029 2531 damnatione,
1053 2458 1207 2521 videatur
1229 2477 1328 2540 supra
1352 2457 1399 2540 (n.

281 2551 376 2634 416);
396 2552 473 2615 inde
485 2557 587 2625 “vae,
601 2551 693 2627 vae‚”
705 2571 844 2633 gravem
858 2552 1158 2614 lamentationem:
1183 2572 1241 2633 per
1255 2553 1399 2617 “urbem

283 2665 445 2729 magnam
473 2645 651 2727 Babylon”
676 2645 885 2728 significatur
912 2645 1121 2728 Religiosum
1148 2645 1250 2723 illud;
1281 2645 1334 2711 hic
1363 2656 1400 2711 ut

282 2760 383 2823 supra
401 2739 447 2822 (n.
459 2740 549 2823 751),
564 2740 720 2821 Babylon
736 2750 773 2803 ut
790 2740 911 2804 Mulier
923 2750 981 2804 aut
998 2740 1172 2814 Meretrix,
1187 2740 1263 2823 quia
1279 2740 1401 2804 dicitur

285 2838 305 2867 ‘⁴
314 2835 480 2898 cruciatus
491 2833 561 2915 ejus
572 2834 598 2896 :”
617 2854 675 2917 per
689 2834 831 2897 “urbem
845 2833 992 2896 validam
1000 2833 1015 2857 ''
1027 2832 1234 2915 significatur
1247 2833 1399 2916 Religio-

282 2946 357 2990 sum
374 2937 444 2990 tam
462 2928 645 2991 munitum:
669 2947 729 3010 per
743 2929 803 2990 “in
820 2948 887 2990 una
902 2927 984 2990 hora
1000 2928 1093 2989 venit
1105 2926 1264 3008 judicium
1282 2938 1376 2992 tuum
1384 2928 1399 2954 ’'

282 3019 489 3103 significatur
504 3021 595 3105 quod
613 3020 694 3084 illud
715 3029 785 3084 tam
805 3021 918 3084 subito
937 3022 1044 3102 possit
1063 3022 1179 3096 everti,
1200 3030 1235 3084 et
1253 3021 1301 3085 illi
1319 3042 1399 3105 pos·

282 3116 350 3179 sint
374 3117 499 3198 perire;
533 3116 594 3179 “in
621 3135 687 3177 una
713 3114 817 3178 hora”
841 3112 1010 3196 significat
1034 3122 1106 3177 tam
1130 3114 1252 3189 subito,
1278 3126 1314 3179 et
1339 3137 1400 3199 per

284 3208 468 3291 “judicium
476 3210 490 3234 '⁸
506 3208 713 3291 significatur
731 3210 861 3273 eversio
879 3208 948 3289 ejus
968 3218 1002 3272 et
1021 3207 1176 3271 interitus
1195 3209 1327 3273 illorum
1343 3214 1399 3294 qui

282 3322 359 3367 cum
379 3303 558 3367 Meretrice
576 3303 633 3367 illa
651 3304 793 3367 scortati
811 3312 846 3366 et
865 3298 1014 3366 deliciati
1032 3312 1122 3375 sunt,
1142 3302 1321 3385 dequibus
1344 3305 1397 3369 hic

282 3398 411 3479 agitur;
435 3394 538 3480 'quod
568 3397 615 3461 illi
641 3418 701 3479 per
722 3395 890 3461 Ultimum
912 3394 1078 3476 Judicium
1100 3398 1269 3478 perierint,
1294 3398 1398 3464 videri

281 3500 397 3574 potest
420 3492 454 3554 in
477 3488 651 3573 Opusculo
669 3491 711 3555 de
739 3490 862 3555 Ultimo
879 3490 1015 3564 Judicio
1034 3491 1123 3553 etde
1140 3490 1325 3572 Babyloniis
1342 3494 1398 3556 de·
1493 3537 1495 3540 -

281 3585 420 3661 smera,
449 3584 596 3648 Londini
626 3586 703 3665 1758
730 3583 842 3661 edito;
877 3584 920 3646 de
946 3583 1005 3647 illo
1031 3586 1169 3648 interitu
1196 3586 1279 3650 haec
1307 3585 1398 3651 ditia

281 3688 370 3743 sunt.
415 3677 516 3760 Quod
537 3684 583 3741 “e
603 3678 788 3761 longinquo
807 3679 966 3741 steterint
989 3689 1127 3761 propter
1147 3682 1304 3744 timorem
1322 3702 1397 3745 cru·

281 3772 389 3835 clatus
422 3771 513 3854 ejus'’
545 3771 712 3854 significet
746 3781 875 3835 statum
907 3771 1016 3834 adhuc
1050 3783 1218 3836 remotum
1251 3796 1271 3837 a
1304 3786 1397 3839 statu

280 3864 413 3929 illorum
429 3866 485 3948 qui
501 3866 533 3928 in
549 3865 768 3929 damnatione
781 3875 870 3951 sunt,
885 3867 961 3947 quia
976 3866 1010 3928 in
1024 3865 1145 3930 timore
1161 3888 1222 3949 pro
1235 3870 1395 3945 cruciatu,

280 3968 334 4021 est
360 3960 436 4041 quia
466 3979 525 4042 per
553 3958 824 4042 “longinquum'’
851 3978 919 4022 non
946 3959 1146 4041 intelligitur
1175 3960 1396 4046 longinquum

280 4053 390 4133 spatii,
412 4052 471 4115 sed
495 4052 715 4135 longinquum
738 4063 860 4127 status,
883 4053 1018 4136 quando
1040 4054 1113 4136 quis
1138 4054 1171 4117 in
1196 4056 1317 4119 timore
1343 4068 1396 4123 est

279 4155 418 4227 propter
437 4166 563 4227 poenas
575 4167 583 4224 ;
607 4166 685 4209 nam
703 4147 861 4229 quamdiu
885 4147 988 4210 homo
1010 4148 1044 4209 in
1067 4157 1160 4211 statu
1183 4150 1312 4212 timoris
1330 4159 1394 4226 est,

281 4248 362 4302 tunc
383 4240 486 4314 videt,
507 4239 670 4321 expendit
693 4249 727 4303 et
751 4240 966 4304 lamentatur.
1011 4240 1250 4325 Longinquum
1273 4253 1394 4319 status,

279 4332 370 4415 quod
388 4342 441 4397 est
461 4332 679 4415 longinquum
699 4334 732 4396 in
750 4334 913 4415 spirituali
933 4334 1051 4409 Sensu,
1068 4337 1172 4398 etiam
1188 4335 1397 4418 significatur

279 4446 340 4511 per
360 4425 607 4509 “longinquum
615 4426 630 4452 ”
648 4427 726 4491 alibi
742 4428 775 4491 in
794 4426 922 4504 Verbo,
943 4438 980 4492 ut
998 4430 1031 4491 in
1050 4429 1120 4492 his:

332 4584 454 4633 “Audite
478 4582 627 4647 Longinqul
652 4584 714 4648 quid
739 4584 845 4644 faciam,
871 4595 898 4636 et
922 4587 1073 4648 cognoscite
1100 4586 1246 4652 Propinqui
1269 4589 1394 4641 virtutem

411 4646 501 4698 Meam
509 4646 524 4666 '⁹
535 4648 619 4714 (Esaj.
631 4646 738 4700 xxxiiii!
751 4650 806 4711 13);
