3384 5400
310 669 371 754 556
630 681 877 734 asocsuussts
899 683 1109 734 navatam.

308 854 513 937 Exploratio
542 873 679 935 operum
710 853 812 916 etiam
842 851 1049 934 significatur
1077 873 1137 936 per
1163 853 1362 920 “torcular'’
1390 858 1425 920 in

309 949 525 1032 sequentibus
544 947 645 1010 locis:

362 1121 473 1172 “Vinea
485 1121 535 1170 luit
548 1117 654 1170 Diletlo
666 1135 727 1169 meo
745 1121 772 1170 in
790 1133 874 1170 cornu
891 1120 937 1170 lilii
954 1120 1173 1249 olewntavit
1189 1135 1249 1170 um
1261 1122 1315 1170 vite
1332 1123 1424 1178 nobili,

440 1188 520 1236 etiam
539 1186 561 1235 T
563 1186 667 1234 orcular
682 1185 781 1234 excidit
798 1186 826 1234 in
843 1201 885 1244 ea,
904 1194 931 1234 et
947 1201 995 1234 exs
1074 1187 1113 1236 vit
1130 1196 1160 1235 ut
1179 1185 1278 1236 laceret
1294 1202 1361 1237 uvas
1378 1187 1426 1237 sed

440 1251 502 1301 iecit
514 1253 648 1300 labruscas
656 1249 671 1271 '⁹
682 1251 766 1314 (Esaj.
778 1265 803 1301 v.
818 1263 839 1310 1,
852 1251 893 1313 2);

360 1321 378 1342 “
387 1317 508 1368 Emittite
520 1317 615 1366 ialcem
625 1317 687 1380 quia
697 1317 823 1366 maturuit
835 1317 940 1375 messis,
950 1317 1104 1366 descendite
1116 1318 1178 1380 quia
1187 1318 1296 1378 plenum
1307 1327 1349 1367 est
1360 1317 1427 1368 Tor·

440 1384 520 1441 cular,
532 1383 701 1460 effunderunt
718 1379 811 1439 Lacus,
826 1382 890 1445 quia
906 1397 1005 1446 magna
1022 1382 1124 1432 malitia
1138 1397 1230 1432 eorum
1239 1381 1253 1401 ”
1265 1382 1339 1448 (Joei
1348 1385 1382 1434 iv.
1396 1397 1426 1443 13

355 1514 373 1536 '¹
381 1443 701 1638 Aregizfffflliulgilrlon
715 1523 826 1576 pascent
836 1528 894 1573 eos,
903 1524 931 1564 et
942 1523 1062 1564 mustum
1074 1515 1218 1564 mentietur
1230 1511 1423 1576 illil¹l''(Hoscl.

353 1644 466 1706 “Super
476 1645 640 1696 vindemiam
660 1653 732 1692 tuam
748 1653 870 1694 vastator
885 1645 989 1703 cecidit,
1003 1645 1095 1694 vinum
1114 1659 1148 1694 ex
1164 1644 1303 1694 Torcularl
1320 1659 1425 1694 cessare
1517 1649 1523 1658 “

432 1709 491 1766 ieci,
504 1723 558 1758 non
569 1709 682 1758 calcabit
691 1709 785 1766 hedad,
798 1711 885 1760 bedad
894 1725 950 1759 non
960 1711 1048 1760 hedad
1056 1710 1070 1730 ”
1079 1709 1188 1775 (Jmm,
1197 1711 1279 1760 xlviii.
1290 1723 1330 1771 3²,
1341 1708 1425 1771 331⁸l);

352 1773 549 1824 Paterfamilias
562 1775 694 1836 plantavit
707 1775 830 1833 Vineam,
845 1785 873 1825 et
884 1777 953 1825 iodit
964 1777 993 1825 in
1005 1791 1038 1825 ea
1049 1776 1188 1834 Torcular,
1201 1787 1230 1825 et
1246 1777 1344 1825 locavit
1355 1777 1425 1838 agri-

431 1840 506 1896 colis.
528 1841 575 1889 sed
594 1841 749 1890 occiderunt
767 1855 862 1891 servos
882 1842 917 1890 ad
937 1841 998 1891 illos
1017 1842 1125 1900 missos,
1146 1851 1173 1891 et
1191 1842 1307 1906 denique
1328 1841 1423 1890 Filium

433 1905 542 1966 (Marta.
553 1907 607 1957 xxi.
619 1903 744 1969 33-391⁴¹).

300 2065 432 2128 Dicitur
458 2066 562 2128 etiam
590 2065 790 2128 “torcular’'
816 2065 859 2130 de
889 2067 987 2130 bonis
1017 2065 1203 2142 charitatis,
1231 2085 1277 2130 ex
1303 2067 1422 2149 quibus

298 2179 379 2223 vera
397 2158 484 2233 fidei,
505 2159 594 2242 apud
613 2159 741 2234 Joelem
752 2183 765 2222 .·
1141 2164 1145 2180 ’

350 2327 367 2348 “
377 2321 463 2374 Filii1⁵¹
476 2325 565 2374 Sionis
577 2326 708 2387 gaudete:
726 2325 822 2388 plenae
835 2333 898 2373 sunt
910 2339 989 2373 areae
1006 2323 1151 2383 frumento,
1165 2335 1193 2374 et
1204 2325 1343 2374 exundant
1354 2323 1422 2374 Tor·

429 2391 529 2440 cularia
540 2400 657 2439 mustum
670 2399 697 2440 et
709 2389 797 2439 oleum
806 2389 821 2410 ”
833 2390 871 2450 (ii.
882 2402 922 2450 23,
933 2390 984 2452 24).

361 2525 459 2607 652·
485 2536 573 2602 [Vm.
588 2533 639 2600 20.]
665 2523 730 2586 “fr
752 2523 907 2586 caleulum
930 2529 982 2586 art
1003 2523 1143 2586 breuior
1163 2528 1254 2586 amru
1277 2525 1419 2596 uriom,''

301 2615 468 2698 significat
487 2616 575 2697 quod
591 2615 776 2696 exploratio
789 2616 891 2694 faiia
908 2615 955 2678 sit
975 2635 1017 2677 ex
1037 2615 1173 2679 Divinis
1194 2614 1284 2679 veris
1310 2615 1417 2690 Verbi,

300 2712 414 2794 qualt'a
431 2721 539 2774 essent
555 2720 655 2791 opera
667 2710 870 2793 profluentia
887 2732 929 2773 ex
943 2710 1094 2774 doiirina
1101 2710 1191 2793 fidei
1205 2710 1420 2775 Ecclesiae.-

301 2806 363 2869 Per
387 2804 582 2869 “calcatum
610 2815 662 2868 est
689 2804 859 2868 torcular”
881 2804 1087 2887 significatur
1112 2806 1201 2887 quod
1228 2806 1419 2887 exploratio

300 2898 388 2964 saeta
410 2901 453 2963 sit
472 2900 582 2981 qualia
598 2908 711 2962 essent
731 2919 853 2979 opera;
877 2919 936 2981 per
953 2898 1112 2962 “calcare
1130 2899 1300 2963 torcular”
1315 2901 1418 2981 signi-

300 2994 419 3059 ficatur
434 2994 623 3076 explorare,
640 3003 675 3056 et
692 3014 750 3075 per
768 2992 943 3067 “botros’'
955 2994 1010 3075 qui
1026 2993 1209 3066 calcantur.
1226 2994 1418 3075 significan·

300 3099 354 3152 tur
383 3109 496 3170 opera,
526 3098 563 3151 ut
595 3108 695 3169 supra
726 3084 773 3168 (n.
802 3086 893 3169 649),
922 3086 976 3151 hic
1009 3107 1112 3168 opera
1143 3086 1342 3169 profluentia
1373 3108 1417 3152 ex

300 3181 453 3246 dodirina
475 3181 551 3245 fidei
576 3181 760 3255 Ecclesiae,
784 3191 970 3263 quaesunt
993 3202 1096 3263 opera
1118 3182 1226 3245 mala:
1255 3203 1313 3264 per
1337 3189 1418 3245 “ur-

300 3276 403 3341 bem’'
426 3278 478 3341 hic
503 3276 702 3357 intelligitur
725 3276 803 3338 urbs
826 3296 962 3357 magna,
985 3276 1028 3337 de
1050 3296 1116 3357 qua
1138 3296 1237 3357 supra
1261 3274 1348 3358 (cap.
1371 3279 1418 3340 xi.

300 3393 384 3434 vers,
404 3371 450 3453 8),
471 3392 557 3453 quae
580 3380 720 3434 vocatur
744 3370 851 3432 “urbs
873 3390 1008 3451 magna,
1031 3369 1248 3451 spiritualiter
1271 3368 1420 3435 Sodoma

300 3475 335 3530 et
357 3464 540 3547 Aegyptus
554 3464 579 3541 ;”
609 3465 698 3546 quod
722 3462 895 3545 perillam
917 3463 1128 3545 intelligatur
1149 3461 1301 3527 dodirina
1325 3464 1419 3527 Fidei

300 3569 476 3641 separatae
491 3579 511 3621 a
524 3558 708 3632 Charitate,
723 3578 809 3640 quae
822 3566 874 3621 est
887 3554 1040 3621 dodirina
1055 3556 1230 3621 Ecclesiae
1243 3558 1419 3622 Reforma-

300 3663 421 3727 torum,
446 3654 599 3716 videatur
625 3674 724 3735 supra
753 3650 799 3733 (n.
830 3666 899 3731 501,
926 3650 1021 3733 502);
1058 3662 1093 3715 et
1120 3652 1196 3733 quia
1222 3654 1330 3715 omnis
1356 3674 1419 3715 ex·

300 3746 444 3828 ploratio
463 3745 636 3811 doetrinae
655 3745 830 3810 Ecclesiae
850 3744 885 3808 fit
906 3765 965 3827 per
983 3742 1140 3807 Divinum
1158 3745 1286 3808 Verum
1302 3746 1418 3821 Verbi,

301 3852 335 3903 et
359 3842 423 3905 hoc
448 3861 514 3903 non
539 3852 590 3903 est
614 3842 647 3903 in
671 3838 824 3903 doitrina
846 3838 913 3913 illa,
933 3839 993 3901 sed
1014 3850 1114 3902 extra
1135 3839 1239 3915 illam,
1259 3842 1362 3903 etiam
1385 3841 1418 3903 id

299 3956 359 4017 per
376 3934 465 4017 quod
483 3934 627 3997 calcatio
642 3932 730 3997 faeta
745 3935 789 3997 sit
807 3940 936 3996 “extra
950 3934 1066 3997 urbem
1074 3933 1089 3957 ’'
1100 3932 1316 4014 significatur.
1361 3934 1418 3997 Ex

301 4030 353 4091 his
369 4039 526 4093 constare
542 4038 668 4110 potest,
685 4029 775 4110 quod
794 4048 854 4110 per
871 4026 1068 4091 “calcatum
1085 4027 1232 4090 torcular
1247 4039 1347 4092 extra
1365 4050 1419 4092 ur·

300 4123 402 4185 bem”
431 4120 637 4204 significetur
666 4122 756 4204 quod
789 4121 982 4204 exploratio
1013 4119 1102 4184 faita
1134 4122 1177 4184 sit
1211 4142 1255 4185 ex
1289 4122 1419 4186 Divinis

301 4218 387 4279 veris
400 4216 516 4290 Verbi,
531 4214 642 4297 qualia
654 4225 769 4279 essent
785 4235 888 4297 opera
904 4214 1102 4296 profluentia
1113 4236 1157 4278 ex
1174 4213 1327 4279 doitrina
1342 4216 1419 4280 fidei

301 4310 486 4373 Ecclesiae.
531 4311 593 4373 Per
617 4308 776 4373 “calcare
800 4308 968 4373 torcular”
991 4328 1057 4371 non
1080 4309 1190 4372 solum
1213 4308 1419 4391 significatur

301 4404 390 4467 mala
412 4425 514 4487 opera
536 4403 724 4485 explorare,
745 4404 804 4467 sed
827 4404 930 4466 etiam
954 4402 1011 4465 illa
1029 4403 1117 4484 apud
1140 4402 1224 4465 alios
1242 4406 1419 4477 sustinere,

300 4510 373 4561 tum
393 4518 565 4561 removere
583 4506 618 4560 et
638 4496 802 4579 conjicere
823 4497 857 4559 in
881 4496 1060 4569 infernum,
1080 4498 1113 4559 in
1132 4498 1350 4579 sequentibus
1369 4497 1419 4561 lo·

301 4592 368 4655 cis:
