<?xml version="1.0" encoding="UTF-8"?>
<!DOCTYPE html PUBLIC "-//W3C//DTD XHTML 1.0 Transitional//EN"
    "http://www.w3.org/TR/xhtml1/DTD/xhtml1-transitional.dtd">
<html xmlns="http://www.w3.org/1999/xhtml" xml:lang="en" lang="en">
 <head>
  <title>
</title>
<meta http-equiv="Content-Type" content="text/html;charset=utf-8" />
  <meta name='ocr-system' content='tesseract 3.04.00' />
  <meta name='ocr-capabilities' content='ocr_page ocr_carea ocr_par ocr_line ocrx_word'/>
</head>
<body>
  <div class='ocr_page' id='page_1' title='image "./apocalypsisreve00swedgoog_0019.png"; bbox 0 0 3384 5400; ppageno 0'>
   <div class='ocr_carea' id='block_1_1' title="bbox 574 717 1392 801">
    <p class='ocr_par' dir='ltr' id='par_1_1' title="bbox 574 717 1392 801">
     <span class='ocr_line' id='line_1_1' title="bbox 574 717 1392 801; baseline -0.001 -19"><span class='ocrx_word' id='word_1_1' title='bbox 574 717 876 794; x_wconf 70' lang='lat' dir='ltr'>cle.&#39;x1V.,va1rs.</span> <span class='ocrx_word' id='word_1_2' title='bbox 894 717 1090 798; x_wconf 81' lang='lat' dir='ltr'>3.-u.6r7.</span> <span class='ocrx_word' id='word_1_3' title='bbox 1331 724 1392 801; x_wconf 83' lang='lat'>529</span> 
     </span>
    </p>
   </div>
   <div class='ocr_carea' id='block_1_2' title="bbox 272 889 1391 989">
    <p class='ocr_par' dir='ltr' id='par_1_2' title="bbox 272 889 1391 989">
     <span class='ocr_line' id='line_1_2' title="bbox 272 889 1391 989; baseline -0.004 -19"><span class='ocrx_word' id='word_1_4' title='bbox 272 889 439 989; x_wconf 83' lang='lat' dir='ltr'>“septem</span> <span class='ocrx_word' id='word_1_5' title='bbox 452 904 602 968; x_wconf 88' lang='lat' dir='ltr'>tonitrua</span> <span class='ocrx_word' id='word_1_6' title='bbox 620 901 792 986; x_wconf 88' lang='lat' dir='ltr'>loquentia</span> <span class='ocrx_word' id='word_1_7' title='bbox 800 900 816 928; x_wconf 92' lang='grc'>”</span> <span class='ocrx_word' id='word_1_8' title='bbox 833 901 1024 983; x_wconf 84' lang='lat' dir='ltr'>significent</span> <span class='ocrx_word' id='word_1_9' title='bbox 1048 901 1232 965; x_wconf 91' lang='lat' dir='ltr'>Dominum</span> <span class='ocrx_word' id='word_1_10' title='bbox 1248 902 1391 986; x_wconf 88' lang='lat' dir='ltr'>loquen-</span> 
     </span>
    </p>
   </div>
   <div class='ocr_carea' id='block_1_3' title="bbox 264 994 1403 2684">
    <p class='ocr_par' dir='ltr' id='par_1_3' title="bbox 266 994 1403 1913">
     <span class='ocr_line' id='line_1_3' title="bbox 271 994 1403 1081; baseline -0.003 -17"><span class='ocrx_word' id='word_1_11' title='bbox 271 1011 340 1065; x_wconf 90' lang='lat' dir='ltr'>tem</span> <span class='ocrx_word' id='word_1_12' title='bbox 354 1019 413 1081; x_wconf 89' lang='lat' dir='ltr'>per</span> <span class='ocrx_word' id='word_1_13' title='bbox 425 1000 614 1062; x_wconf 89' lang='lat' dir='ltr'>universum</span> <span class='ocrx_word' id='word_1_14' title='bbox 628 997 767 1062; x_wconf 89' lang='lat' dir='ltr'>Caelum</span> <span class='ocrx_word' id='word_1_15' title='bbox 782 995 829 1078; x_wconf 92' lang='lat' dir='ltr'>(n.</span> <span class='ocrx_word' id='word_1_16' title='bbox 841 994 931 1078; x_wconf 85' lang='lat'><strong>472).</strong></span> <span class='ocrx_word' id='word_1_17' title='bbox 976 996 1142 1060; x_wconf 88' lang='lat' dir='ltr'>Dominus</span> <span class='ocrx_word' id='word_1_18' title='bbox 1154 1016 1230 1060; x_wconf 92' lang='lat' dir='ltr'>cum</span> <span class='ocrx_word' id='word_1_19' title='bbox 1243 997 1403 1080; x_wconf 89' lang='lat' dir='ltr'>loquitur-</span> 
     </span>
     <span class='ocr_line' id='line_1_4' title="bbox 270 1078 1389 1178; baseline -0.004 -19"><span class='ocrx_word' id='word_1_20' title='bbox 270 1115 329 1178; x_wconf 93' lang='lat' dir='ltr'>per</span> <span class='ocrx_word' id='word_1_21' title='bbox 345 1091 495 1170; x_wconf 89' lang='lat' dir='ltr'>Caelum,</span> <span class='ocrx_word' id='word_1_22' title='bbox 513 1093 658 1175; x_wconf 91' lang='lat' dir='ltr'>loquitur</span> <span class='ocrx_word' id='word_1_23' title='bbox 677 1113 696 1156; x_wconf 88' lang='lat' dir='ltr'>e</span> <span class='ocrx_word' id='word_1_24' title='bbox 714 1093 817 1156; x_wconf 90' lang='lat' dir='ltr'>tertio</span> <span class='ocrx_word' id='word_1_25' title='bbox 835 1090 941 1156; x_wconf 87' lang='lat' dir='ltr'>Caelo</span> <span class='ocrx_word' id='word_1_26' title='bbox 959 1111 1018 1174; x_wconf 88' lang='lat' dir='ltr'>per</span> <span class='ocrx_word' id='word_1_27' title='bbox 1033 1092 1217 1155; x_wconf 90' lang='lat' dir='ltr'>secundum</span> <span class='ocrx_word' id='word_1_28' title='bbox 1238 1078 1389 1167; x_wconf 86' lang='lat' dir='ltr'>Caelum&#39;,</span> 
     </span>
     <span class='ocr_line' id='line_1_5' title="bbox 268 1185 1389 1274; baseline -0.003 -21"><span class='ocrx_word' id='word_1_29' title='bbox 268 1191 316 1253; x_wconf 91' lang='lat' dir='ltr'>ita</span> <span class='ocrx_word' id='word_1_30' title='bbox 329 1210 373 1253; x_wconf 88' lang='lat' dir='ltr'>ex</span> <span class='ocrx_word' id='word_1_31' title='bbox 385 1188 514 1252; x_wconf 84' lang='lat' dir='ltr'>Amore</span> <span class='ocrx_word' id='word_1_32' title='bbox 527 1209 586 1271; x_wconf 88' lang='lat' dir='ltr'>per</span> <span class='ocrx_word' id='word_1_33' title='bbox 596 1187 753 1251; x_wconf 83' lang='lat' dir='ltr'>Divinam</span> <span class='ocrx_word' id='word_1_34' title='bbox 767 1185 986 1270; x_wconf 84' lang='lat' dir='ltr'>Sapientiam,</span> <span class='ocrx_word' id='word_1_35' title='bbox 997 1188 1134 1250; x_wconf 91' lang='lat' dir='ltr'>tertium</span> <span class='ocrx_word' id='word_1_36' title='bbox 1147 1188 1235 1250; x_wconf 90' lang='lat' dir='ltr'>enim</span> <span class='ocrx_word' id='word_1_37' title='bbox 1249 1186 1389 1274; x_wconf 88' lang='lat' dir='ltr'>Caelum</span> 
     </span>
     <span class='ocr_line' id='line_1_6' title="bbox 269 1280 1392 1363; baseline -0.002 -15"><span class='ocrx_word' id='word_1_38' title='bbox 269 1285 371 1348; x_wconf 91' lang='lat' dir='ltr'>estin</span> <span class='ocrx_word' id='word_1_39' title='bbox 387 1282 511 1347; x_wconf 90' lang='lat' dir='ltr'>Divino</span> <span class='ocrx_word' id='word_1_40' title='bbox 527 1283 657 1346; x_wconf 88' lang='lat' dir='ltr'>Amore</span> <span class='ocrx_word' id='word_1_41' title='bbox 673 1282 791 1363; x_wconf 86' lang='lat' dir='ltr'>Ipsius,</span> <span class='ocrx_word' id='word_1_42' title='bbox 809 1291 844 1345; x_wconf 91' lang='lat' dir='ltr'>et</span> <span class='ocrx_word' id='word_1_43' title='bbox 860 1281 1044 1345; x_wconf 88' lang='lat' dir='ltr'>secundum</span> <span class='ocrx_word' id='word_1_44' title='bbox 1061 1280 1200 1345; x_wconf 89' lang='lat' dir='ltr'>Caelum</span> <span class='ocrx_word' id='word_1_45' title='bbox 1216 1282 1250 1343; x_wconf 92' lang='lat' dir='ltr'>in</span> <span class='ocrx_word' id='word_1_46' title='bbox 1267 1280 1392 1346; x_wconf 87' lang='lat' dir='ltr'>Divina</span> 
     </span>
     <span class='ocr_line' id='line_1_7' title="bbox 269 1374 1388 1460; baseline -0.002 -18"><span class='ocrx_word' id='word_1_47' title='bbox 269 1376 443 1460; x_wconf 86' lang='lat' dir='ltr'>Sapientia</span> <span class='ocrx_word' id='word_1_48' title='bbox 466 1377 583 1458; x_wconf 89' lang='lat' dir='ltr'>Ipsius.</span> <span class='ocrx_word' id='word_1_49' title='bbox 629 1376 795 1440; x_wconf 82' lang='lat' dir='ltr'>Dominus</span> <span class='ocrx_word' id='word_1_50' title='bbox 819 1395 983 1458; x_wconf 90' lang='lat' dir='ltr'>nusquam</span> <span class='ocrx_word' id='word_1_51' title='bbox 1007 1375 1105 1438; x_wconf 87' lang='lat' dir='ltr'>aliter</span> <span class='ocrx_word' id='word_1_52' title='bbox 1128 1375 1284 1457; x_wconf 91' lang='lat' dir='ltr'>loquitur,</span> <span class='ocrx_word' id='word_1_53' title='bbox 1308 1374 1388 1440; x_wconf 88' lang='lat' dir='ltr'>dum</span> 
     </span>
     <span class='ocr_line' id='line_1_8' title="bbox 267 1468 1392 1554; baseline -0.002 -18"><span class='ocrx_word' id='word_1_54' title='bbox 267 1493 287 1536; x_wconf 88' lang='lat' dir='ltr'>e</span> <span class='ocrx_word' id='word_1_55' title='bbox 305 1472 415 1537; x_wconf 88' lang='lat' dir='ltr'>Caelis</span> <span class='ocrx_word' id='word_1_56' title='bbox 434 1471 677 1554; x_wconf 81' lang='lat' dir='ltr'>superioribus3</span> <span class='ocrx_word' id='word_1_57' title='bbox 701 1481 737 1534; x_wconf 92' lang='lat' dir='ltr'>et</span> <span class='ocrx_word' id='word_1_58' title='bbox 760 1471 843 1534; x_wconf 88' lang='lat' dir='ltr'>haec</span> <span class='ocrx_word' id='word_1_59' title='bbox 866 1480 944 1534; x_wconf 92' lang='lat' dir='ltr'>sunt</span> <span class='ocrx_word' id='word_1_60' title='bbox 964 1490 1049 1552; x_wconf 89' lang='lat' dir='ltr'>quae</span> <span class='ocrx_word' id='word_1_61' title='bbox 1071 1468 1308 1551; x_wconf 88' lang='lat' dir='ltr'>intelliguntur</span> <span class='ocrx_word' id='word_1_62' title='bbox 1330 1490 1392 1551; x_wconf 89' lang='lat' dir='ltr'>per</span> 
     </span>
     <span class='ocr_line' id='line_1_9' title="bbox 269 1563 1389 1650; baseline 0 -22"><span class='ocrx_word' id='word_1_63' title='bbox 269 1572 287 1600; x_wconf 91' lang='lat'>“</span> <span class='ocrx_word' id='word_1_64' title='bbox 296 1586 415 1631; x_wconf 87' lang='lat' dir='ltr'>vocem</span> <span class='ocrx_word' id='word_1_65' title='bbox 429 1576 590 1650; x_wconf 91' lang='lat' dir='ltr'>tanquam</span> <span class='ocrx_word' id='word_1_66' title='bbox 604 1585 764 1649; x_wconf 89' lang='lat' dir='ltr'>aquarum</span> <span class='ocrx_word' id='word_1_67' title='bbox 778 1563 988 1639; x_wconf 90' lang='lat' dir='ltr'>multarum,”</span> <span class='ocrx_word' id='word_1_68' title='bbox 998 1573 1033 1627; x_wconf 88' lang='lat' dir='ltr'>et</span> <span class='ocrx_word' id='word_1_69' title='bbox 1046 1584 1106 1646; x_wconf 92' lang='lat' dir='ltr'>per</span> <span class='ocrx_word' id='word_1_70' title='bbox 1118 1569 1139 1596; x_wconf 92' lang='lat'>“</span> <span class='ocrx_word' id='word_1_71' title='bbox 1149 1583 1268 1626; x_wconf 90' lang='lat' dir='ltr'>vocem</span> <span class='ocrx_word' id='word_1_72' title='bbox 1282 1565 1389 1628; x_wconf 91' lang='lat' dir='ltr'>tonit-</span> 
     </span>
     <span class='ocr_line' id='line_1_10' title="bbox 268 1657 1390 1744; baseline -0.002 -20"><span class='ocrx_word' id='word_1_73' title='bbox 268 1661 317 1724; x_wconf 92' lang='lat' dir='ltr'>rui</span> <span class='ocrx_word' id='word_1_74' title='bbox 349 1661 464 1744; x_wconf 89' lang='lat' dir='ltr'>magni</span> <span class='ocrx_word' id='word_1_75' title='bbox 476 1661 503 1738; x_wconf 86' lang='lat'>;”</span> <span class='ocrx_word' id='word_1_76' title='bbox 537 1665 673 1743; x_wconf 91' lang='lat' dir='ltr'>“aquae</span> <span class='ocrx_word' id='word_1_77' title='bbox 703 1658 855 1724; x_wconf 88' lang='lat' dir='ltr'>multae”</span> <span class='ocrx_word' id='word_1_78' title='bbox 881 1667 959 1722; x_wconf 92' lang='lat' dir='ltr'>sunt</span> <span class='ocrx_word' id='word_1_79' title='bbox 990 1657 1113 1722; x_wconf 91' lang='lat' dir='ltr'>Divina</span> <span class='ocrx_word' id='word_1_80' title='bbox 1138 1678 1218 1721; x_wconf 91' lang='lat' dir='ltr'>vera</span> <span class='ocrx_word' id='word_1_81' title='bbox 1244 1657 1390 1722; x_wconf 87' lang='lat' dir='ltr'>Divinae</span> 
     </span>
     <span class='ocr_line' id='line_1_11' title="bbox 267 1752 1396 1838; baseline -0.003 -19"><span class='ocrx_word' id='word_1_82' title='bbox 267 1753 470 1838; x_wconf 90' lang='lat' dir='ltr'>Sapientiae,</span> <span class='ocrx_word' id='word_1_83' title='bbox 490 1764 525 1819; x_wconf 88' lang='lat' dir='ltr'>et</span> <span class='ocrx_word' id='word_1_84' title='bbox 545 1756 702 1819; x_wconf 86' lang='lat' dir='ltr'>“tonitru</span> <span class='ocrx_word' id='word_1_85' title='bbox 723 1753 909 1836; x_wconf 87' lang='lat' dir='ltr'>magnum”</span> <span class='ocrx_word' id='word_1_86' title='bbox 924 1763 977 1817; x_wconf 91' lang='lat' dir='ltr'>est</span> <span class='ocrx_word' id='word_1_87' title='bbox 996 1752 1155 1816; x_wconf 91' lang='lat' dir='ltr'>Divinum</span> <span class='ocrx_word' id='word_1_88' title='bbox 1175 1752 1307 1816; x_wconf 93' lang='lat' dir='ltr'>Bonum</span> <span class='ocrx_word' id='word_1_89' title='bbox 1327 1752 1396 1830; x_wconf 66' lang='lat' dir='ltr'>Di·=</span> 
     </span>
     <span class='ocr_line' id='line_1_12' title="bbox 266 1849 501 1913; baseline 0.004 -1"><span class='ocrx_word' id='word_1_90' title='bbox 266 1849 334 1913; x_wconf 90' lang='lat' dir='ltr'>vini</span> <span class='ocrx_word' id='word_1_91' title='bbox 353 1849 501 1913; x_wconf 87' lang='lat' dir='ltr'>Amoris.</span> 
     </span>
    </p>

    <p class='ocr_par' dir='ltr' id='par_1_4' title="bbox 264 1942 1390 2684">
     <span class='ocr_line' id='line_1_13' title="bbox 325 1942 1390 2026; baseline -0.004 -14"><span class='ocrx_word' id='word_1_92' title='bbox 325 1945 426 2012; x_wconf 76' lang='grc'><strong>616.</strong></span> <span class='ocrx_word' id='word_1_93' title='bbox 454 1948 520 2010; x_wconf 73' lang='lat' dir='ltr'>‘fr</span> <span class='ocrx_word' id='word_1_94' title='bbox 542 1965 645 2010; x_wconf 79' lang='lat' dir='ltr'>rooorn</span> <span class='ocrx_word' id='word_1_95' title='bbox 666 1943 765 2009; x_wconf 77' lang='lat' dir='ltr'>audiri</span> <span class='ocrx_word' id='word_1_96' title='bbox 785 1942 1035 2008; x_wconf 70' lang='lat' dir='ltr'>odlanoslorum</span> <span class='ocrx_word' id='word_1_97' title='bbox 1052 1943 1238 2026; x_wconf 73' lang='lat' dir='ltr'>pulsantium</span> <span class='ocrx_word' id='word_1_98' title='bbox 1260 1943 1390 2008; x_wconf 70' lang='lat' dir='ltr'>odionis</span> 
     </span>
     <span class='ocr_line' id='line_1_14' title="bbox 265 2033 1388 2118; baseline -0.002 -18"><span class='ocrx_word' id='word_1_99' title='bbox 265 2035 368 2110; x_wconf 78' lang='lat' dir='ltr'>suis,&#39;&#39;</span> <span class='ocrx_word' id='word_1_100' title='bbox 382 2036 549 2118; x_wconf 87' lang='lat' dir='ltr'>significat</span> <span class='ocrx_word' id='word_1_101' title='bbox 571 2035 808 2116; x_wconf 85' lang='lat' dir='ltr'>confessionem</span> <span class='ocrx_word' id='word_1_102' title='bbox 829 2033 973 2098; x_wconf 81' lang='lat' dir='ltr'>Domini</span> <span class='ocrx_word' id='word_1_103' title='bbox 991 2055 1036 2097; x_wconf 82' lang='lat' dir='ltr'>err</span> <span class='ocrx_word' id='word_1_104' title='bbox 1055 2033 1191 2097; x_wconf 85' lang='lat' dir='ltr'>laetitia</span> <span class='ocrx_word' id='word_1_105' title='bbox 1210 2035 1323 2099; x_wconf 84' lang='lat' dir='ltr'>cordis</span> <span class='ocrx_word' id='word_1_106' title='bbox 1344 2035 1388 2098; x_wconf 84' lang='lat' dir='ltr'>ab</span> 
     </span>
     <span class='ocr_line' id='line_1_15' title="bbox 265 2124 1388 2212; baseline -0.001 -20"><span class='ocrx_word' id='word_1_107' title='bbox 265 2127 407 2212; x_wconf 84' lang='lat' dir='ltr'>Angelis</span> <span class='ocrx_word' id='word_1_108' title='bbox 419 2126 653 2210; x_wconf 81' lang='lat' dir='ltr'>spiritualibus</span> <span class='ocrx_word' id='word_1_109' title='bbox 668 2126 703 2190; x_wconf 91' lang='lat' dir='ltr'>in</span> <span class='ocrx_word' id='word_1_110' title='bbox 715 2125 930 2207; x_wconf 82' lang='lat' dir='ltr'>inferioribus</span> <span class='ocrx_word' id='word_1_111' title='bbox 944 2125 974 2191; x_wconf 82' lang='lat' dir='ltr'><em>C</em></span> <span class='ocrx_word' id='word_1_112' title='bbox 973 2124 1212 2208; x_wconf 82' lang='lat' dir='ltr'>uelis—Quod</span> <span class='ocrx_word' id='word_1_113' title='bbox 1225 2132 1245 2159; x_wconf 91' lang='lat'>“</span> <span class='ocrx_word' id='word_1_114' title='bbox 1254 2127 1388 2209; x_wconf 88' lang='lat' dir='ltr'>pulsare</span> 
     </span>
     <span class='ocr_line' id='line_1_16' title="bbox 265 2221 1386 2306; baseline -0.002 -19"><span class='ocrx_word' id='word_1_115' title='bbox 265 2223 417 2288; x_wconf 88' lang='lat' dir='ltr'>cithara”</span> <span class='ocrx_word' id='word_1_116' title='bbox 432 2221 597 2306; x_wconf 88' lang='lat' dir='ltr'>significet</span> <span class='ocrx_word' id='word_1_117' title='bbox 614 2221 766 2287; x_wconf 87' lang='lat' dir='ltr'>confiteri</span> <span class='ocrx_word' id='word_1_118' title='bbox 786 2221 969 2285; x_wconf 92' lang='lat' dir='ltr'>Dominum</span> <span class='ocrx_word' id='word_1_119' title='bbox 985 2242 1030 2284; x_wconf 85' lang='lat' dir='ltr'>ex</span> <span class='ocrx_word' id='word_1_120' title='bbox 1046 2222 1133 2284; x_wconf 88' lang='lat' dir='ltr'>veris</span> <span class='ocrx_word' id='word_1_121' title='bbox 1148 2221 1386 2303; x_wconf 68' lang='lat' dir='ltr'>spiritualibus</span> 
     </span>
     <span class='ocr_line' id='line_1_17' title="bbox 265 2315 1387 2400; baseline -0.002 -18"><span class='ocrx_word' id='word_1_122' title='bbox 265 2318 418 2382; x_wconf 88' lang='lat' dir='ltr'>videatur</span> <span class='ocrx_word' id='word_1_123' title='bbox 440 2338 539 2400; x_wconf 89' lang='lat' dir='ltr'>supra</span> <span class='ocrx_word' id='word_1_124' title='bbox 560 2316 607 2399; x_wconf 92' lang='lat' dir='ltr'>(n.</span> <span class='ocrx_word' id='word_1_125' title='bbox 624 2316 722 2399; x_wconf 86' lang='lat'>276);</span> <span class='ocrx_word' id='word_1_126' title='bbox 746 2317 837 2400; x_wconf 94' lang='lat' dir='ltr'>quod</span> <span class='ocrx_word' id='word_1_127' title='bbox 856 2336 901 2379; x_wconf 86' lang='lat' dir='ltr'>ex</span> <span class='ocrx_word' id='word_1_128' title='bbox 925 2315 1054 2394; x_wconf 75' lang='lat' dir='ltr'>laetitia</span> <span class='ocrx_word' id='word_1_129' title='bbox 1077 2316 1197 2391; x_wconf 90' lang='lat' dir='ltr'>cordis,</span> <span class='ocrx_word' id='word_1_130' title='bbox 1217 2317 1387 2398; x_wconf 84' lang='lat' dir='ltr'>sequitur;</span> 
     </span>
     <span class='ocr_line' id='line_1_18' title="bbox 264 2409 1385 2497; baseline 0 -21"><span class='ocrx_word' id='word_1_131' title='bbox 264 2413 342 2477; x_wconf 91' lang='lat' dir='ltr'>inde</span> <span class='ocrx_word' id='word_1_132' title='bbox 375 2434 437 2497; x_wconf 70' lang='lat' dir='ltr'>per,</span> <span class='ocrx_word' id='word_1_133' title='bbox 466 2411 732 2476; x_wconf 88' lang='lat' dir='ltr'>“citharaedos’&#39;</span> <span class='ocrx_word' id='word_1_134' title='bbox 761 2411 993 2493; x_wconf 84' lang='lat' dir='ltr'>significantur</span> <span class='ocrx_word' id='word_1_135' title='bbox 1025 2409 1153 2492; x_wconf 84' lang='lat' dir='ltr'>Angeli</span> <span class='ocrx_word' id='word_1_136' title='bbox 1186 2409 1385 2492; x_wconf 86' lang='lat' dir='ltr'>spirituales.</span> 
     </span>
     <span class='ocr_line' id='line_1_19' title="bbox 267 2503 1386 2589; baseline 0.002 -21"><span class='ocrx_word' id='word_1_137' title='bbox 267 2503 368 2587; x_wconf 89' lang='lat' dir='ltr'>Quod</span> <span class='ocrx_word' id='word_1_138' title='bbox 394 2507 428 2570; x_wconf 91' lang='lat' dir='ltr'>hi</span> <span class='ocrx_word' id='word_1_139' title='bbox 454 2507 522 2571; x_wconf 91' lang='lat' dir='ltr'>sint</span> <span class='ocrx_word' id='word_1_140' title='bbox 548 2504 676 2589; x_wconf 84' lang='lat' dir='ltr'>Angeli</span> <span class='ocrx_word' id='word_1_141' title='bbox 702 2507 891 2570; x_wconf 85' lang='lat' dir='ltr'>inferiorum</span> <span class='ocrx_word' id='word_1_142' title='bbox 918 2505 1108 2580; x_wconf 89' lang='lat' dir='ltr'>Caelorum,</span> <span class='ocrx_word' id='word_1_143' title='bbox 1134 2515 1186 2568; x_wconf 90' lang='lat' dir='ltr'>est</span> <span class='ocrx_word' id='word_1_144' title='bbox 1213 2507 1290 2588; x_wconf 91' lang='lat' dir='ltr'>quia</span> <span class='ocrx_word' id='word_1_145' title='bbox 1315 2527 1386 2570; x_wconf 87' lang='lat' dir='ltr'>vox</span> 
     </span>
     <span class='ocr_line' id='line_1_20' title="bbox 265 2597 1387 2684; baseline 0 -20"><span class='ocrx_word' id='word_1_146' title='bbox 265 2597 402 2665; x_wconf 93' lang='lat' dir='ltr'>Domini</span> <span class='ocrx_word' id='word_1_147' title='bbox 428 2621 487 2684; x_wconf 87' lang='lat' dir='ltr'>per</span> <span class='ocrx_word' id='word_1_148' title='bbox 510 2598 632 2665; x_wconf 89' lang='lat' dir='ltr'>Caelos</span> <span class='ocrx_word' id='word_1_149' title='bbox 655 2601 842 2683; x_wconf 88' lang='lat' dir='ltr'>superiores</span> <span class='ocrx_word' id='word_1_150' title='bbox 864 2601 981 2664; x_wconf 90' lang='lat' dir='ltr'>audita</span> <span class='ocrx_word' id='word_1_151' title='bbox 1003 2610 1076 2663; x_wconf 88' lang='lat' dir='ltr'>erat</span> <span class='ocrx_word' id='word_1_152' title='bbox 1100 2609 1262 2683; x_wconf 87' lang='lat' dir='ltr'>tanquam</span> <span class='ocrx_word' id='word_1_153' title='bbox 1287 2604 1387 2664; x_wconf 79' lang='lat' dir='ltr'>“vox</span> 
     </span>
    </p>
   </div>
   <div class='ocr_carea' id='block_1_4' title="bbox 265 2692 1497 2779">
    <p class='ocr_par' dir='ltr' id='par_1_5' title="bbox 265 2692 1497 2779">
     <span class='ocr_line' id='line_1_21' title="bbox 265 2692 1497 2779; baseline -0.002 -20"><span class='ocrx_word' id='word_1_154' title='bbox 265 2716 425 2779; x_wconf 89' lang='lat' dir='ltr'>aquarum</span> <span class='ocrx_word' id='word_1_155' title='bbox 444 2693 654 2769; x_wconf 88' lang='lat' dir='ltr'>multarum,”</span> <span class='ocrx_word' id='word_1_156' title='bbox 670 2706 705 2759; x_wconf 92' lang='lat' dir='ltr'>et</span> <span class='ocrx_word' id='word_1_157' title='bbox 724 2705 886 2778; x_wconf 88' lang='lat' dir='ltr'>tanquam</span> <span class='ocrx_word' id='word_1_158' title='bbox 904 2700 1002 2758; x_wconf 88' lang='lat' dir='ltr'>“vox</span> <span class='ocrx_word' id='word_1_159' title='bbox 1022 2694 1160 2758; x_wconf 92' lang='lat' dir='ltr'>tonitrui</span> <span class='ocrx_word' id='word_1_160' title='bbox 1178 2693 1317 2777; x_wconf 86' lang='lat' dir='ltr'>magni”</span> <span class='ocrx_word' id='word_1_161' title='bbox 1338 2692 1385 2778; x_wconf 88' lang='lat' dir='ltr'>(n.</span> <span class='ocrx_word' id='word_1_162' title='bbox 1493 2750 1497 2756; x_wconf 90' lang='lat'>.</span> 
     </span>
    </p>
   </div>
   <div class='ocr_carea' id='block_1_5' title="bbox 263 2788 1393 4756">
    <p class='ocr_par' dir='ltr' id='par_1_6' title="bbox 264 2788 1386 3232">
     <span class='ocr_line' id='line_1_22' title="bbox 264 2788 1385 2874; baseline 0.001 -21"><span class='ocrx_word' id='word_1_163' title='bbox 264 2788 336 2870; x_wconf 89' lang='lat'>614,</span> <span class='ocrx_word' id='word_1_164' title='bbox 350 2790 439 2874; x_wconf 84' lang='lat'>615).</span> <span class='ocrx_word' id='word_1_165' title='bbox 485 2790 585 2872; x_wconf 82' lang='lat' dir='ltr'>Quod</span> <span class='ocrx_word' id='word_1_166' title='bbox 601 2792 717 2854; x_wconf 88' lang='lat' dir='ltr'>audita</span> <span class='ocrx_word' id='word_1_167' title='bbox 728 2790 771 2853; x_wconf 91' lang='lat' dir='ltr'>sit</span> <span class='ocrx_word' id='word_1_168' title='bbox 785 2796 882 2854; x_wconf 87' lang='lat' dir='ltr'>“vox</span> <span class='ocrx_word' id='word_1_169' title='bbox 895 2790 1166 2854; x_wconf 87' lang='lat' dir='ltr'>citharaedorum</span> <span class='ocrx_word' id='word_1_170' title='bbox 1179 2789 1385 2870; x_wconf 90' lang='lat' dir='ltr'>pulsantium</span> 
     </span>
     <span class='ocr_line' id='line_1_23' title="bbox 264 2884 1385 2968; baseline -0.001 -20"><span class='ocrx_word' id='word_1_171' title='bbox 264 2884 432 2961; x_wconf 88' lang='lat' dir='ltr'>citharis,”</span> <span class='ocrx_word' id='word_1_172' title='bbox 450 2896 502 2949; x_wconf 91' lang='lat' dir='ltr'>est</span> <span class='ocrx_word' id='word_1_173' title='bbox 522 2887 598 2968; x_wconf 87' lang='lat' dir='ltr'>quia</span> <span class='ocrx_word' id='word_1_174' title='bbox 617 2905 719 2949; x_wconf 90' lang='lat' dir='ltr'>sonus</span> <span class='ocrx_word' id='word_1_175' title='bbox 738 2894 795 2948; x_wconf 92' lang='lat' dir='ltr'>aut</span> <span class='ocrx_word' id='word_1_176' title='bbox 815 2903 925 2948; x_wconf 90' lang='lat' dir='ltr'>sermo</span> <span class='ocrx_word' id='word_1_177' title='bbox 944 2884 1094 2948; x_wconf 82' lang='lat' dir='ltr'>defluens</span> <span class='ocrx_word' id='word_1_178' title='bbox 1113 2904 1158 2947; x_wconf 84' lang='lat' dir='ltr'>ex</span> <span class='ocrx_word' id='word_1_179' title='bbox 1176 2884 1385 2947; x_wconf 85' lang='lat' dir='ltr'>inferioribus</span> 
     </span>
     <span class='ocr_line' id='line_1_24' title="bbox 265 2977 1386 3063; baseline -0.002 -19"><span class='ocrx_word' id='word_1_180' title='bbox 265 2977 376 3043; x_wconf 89' lang='lat' dir='ltr'>Caelis</span> <span class='ocrx_word' id='word_1_181' title='bbox 404 2980 606 3063; x_wconf 91' lang='lat' dir='ltr'>quandoque</span> <span class='ocrx_word' id='word_1_182' title='bbox 636 2979 769 3041; x_wconf 91' lang='lat' dir='ltr'>auditur</span> <span class='ocrx_word' id='word_1_183' title='bbox 799 2978 886 3041; x_wconf 89' lang='lat' dir='ltr'>sicut</span> <span class='ocrx_word' id='word_1_184' title='bbox 915 2998 1019 3041; x_wconf 90' lang='lat' dir='ltr'>sonus</span> <span class='ocrx_word' id='word_1_185' title='bbox 1049 2978 1278 3055; x_wconf 65' lang='lat' dir='ltr'>cithararum</span> <span class='ocrx_word' id='word_1_186' title='bbox 1316 2998 1386 3042; x_wconf 94' lang='lat' dir='ltr'>non</span> 
     </span>
     <span class='ocr_line' id='line_1_25' title="bbox 264 3071 1384 3157; baseline 0.001 -21"><span class='ocrx_word' id='word_1_187' title='bbox 264 3073 354 3157; x_wconf 92' lang='lat' dir='ltr'>quod</span> <span class='ocrx_word' id='word_1_188' title='bbox 373 3074 508 3156; x_wconf 89' lang='lat' dir='ltr'>pulsent</span> <span class='ocrx_word' id='word_1_189' title='bbox 524 3073 671 3145; x_wconf 73' lang='lat' dir='ltr'>citharis</span> <span class='ocrx_word' id='word_1_190' title='bbox 688 3072 747 3135; x_wconf 91' lang='lat' dir='ltr'>sed</span> <span class='ocrx_word' id='word_1_191' title='bbox 763 3072 840 3155; x_wconf 90' lang='lat' dir='ltr'>quia</span> <span class='ocrx_word' id='word_1_192' title='bbox 857 3093 925 3135; x_wconf 89' lang='lat' dir='ltr'>vox</span> <span class='ocrx_word' id='word_1_193' title='bbox 945 3072 1163 3136; x_wconf 81' lang='lat' dir='ltr'>confessionis</span> <span class='ocrx_word' id='word_1_194' title='bbox 1181 3071 1320 3135; x_wconf 92' lang='lat' dir='ltr'>Domini</span> <span class='ocrx_word' id='word_1_195' title='bbox 1339 3094 1384 3137; x_wconf 88' lang='lat' dir='ltr'>ex</span> 
     </span>
     <span class='ocr_line' id='line_1_26' title="bbox 265 3165 850 3232; baseline -0.002 -2"><span class='ocrx_word' id='word_1_196' title='bbox 265 3168 394 3232; x_wconf 91' lang='lat' dir='ltr'>laetitia</span> <span class='ocrx_word' id='word_1_197' title='bbox 412 3167 522 3232; x_wconf 90' lang='lat' dir='ltr'>cordis</span> <span class='ocrx_word' id='word_1_198' title='bbox 541 3168 588 3230; x_wconf 89' lang='lat' dir='ltr'>ita</span> <span class='ocrx_word' id='word_1_199' title='bbox 607 3165 739 3230; x_wconf 91' lang='lat' dir='ltr'>auditur</span> <span class='ocrx_word' id='word_1_200' title='bbox 757 3165 850 3229; x_wconf 86' lang='lat' dir='ltr'>infra.</span> 
     </span>
    </p>

    <p class='ocr_par' dir='ltr' id='par_1_7' title="bbox 263 3266 1393 4756">
     <span class='ocr_line' id='line_1_27' title="bbox 324 3266 1387 3351; baseline -0.001 -17"><span class='ocrx_word' id='word_1_201' title='bbox 324 3270 419 3351; x_wconf 78' lang='grc'><strong>617.</strong></span> <span class='ocrx_word' id='word_1_202' title='bbox 445 3280 534 3347; x_wconf 70' lang='lat' dir='ltr'>[Vere.</span> <span class='ocrx_word' id='word_1_203' title='bbox 548 3280 587 3346; x_wconf 84' lang='lat'>3·]</span> <span class='ocrx_word' id='word_1_204' title='bbox 614 3269 679 3331; x_wconf 64' lang='lat' dir='ltr'>‘fr</span> <span class='ocrx_word' id='word_1_205' title='bbox 697 3268 852 3332; x_wconf 81' lang='lat' dir='ltr'>oonslonl</span> <span class='ocrx_word' id='word_1_206' title='bbox 870 3274 1015 3348; x_wconf 77' lang='lat' dir='ltr'>tunquam</span> <span class='ocrx_word' id='word_1_207' title='bbox 1035 3266 1192 3331; x_wconf 76' lang='lat' dir='ltr'>lentinum</span> <span class='ocrx_word' id='word_1_208' title='bbox 1213 3288 1319 3332; x_wconf 85' lang='lat' dir='ltr'>norum</span> <span class='ocrx_word' id='word_1_209' title='bbox 1333 3290 1387 3333; x_wconf 85' lang='lat' dir='ltr'>oo·</span> 
     </span>
     <span class='ocr_line' id='line_1_28' title="bbox 266 3357 1386 3441; baseline 0.003 -21"><span class='ocrx_word' id='word_1_210' title='bbox 266 3376 333 3420; x_wconf 83' lang='lat' dir='ltr'>rum</span> <span class='ocrx_word' id='word_1_211' title='bbox 351 3358 476 3431; x_wconf 81' lang='lat' dir='ltr'>Tlrrono,</span> <span class='ocrx_word' id='word_1_212' title='bbox 492 3364 526 3421; x_wconf 83' lang='lat' dir='ltr'>st</span> <span class='ocrx_word' id='word_1_213' title='bbox 538 3378 643 3421; x_wconf 80' lang='lat' dir='ltr'>norom</span> <span class='ocrx_word' id='word_1_214' title='bbox 659 3364 791 3441; x_wconf 78' lang='lat' dir='ltr'>quotuor</span> <span class='ocrx_word' id='word_1_215' title='bbox 801 3357 985 3429; x_wconf 72' lang='lat' dir='ltr'>Animalibus</span> <span class='ocrx_word' id='word_1_216' title='bbox 1000 3363 1034 3420; x_wconf 84' lang='lat' dir='ltr'>sl</span> <span class='ocrx_word' id='word_1_217' title='bbox 1046 3376 1151 3433; x_wconf 78' lang='lat' dir='ltr'>norom</span> <span class='ocrx_word' id='word_1_218' title='bbox 1172 3358 1386 3434; x_wconf 76' lang='lat' dir='ltr'>Seniorilur,&#39;&#39;</span> 
     </span>
     <span class='ocr_line' id='line_1_29' title="bbox 264 3448 1384 3535; baseline 0.004 -23"><span class='ocrx_word' id='word_1_219' title='bbox 264 3449 431 3532; x_wconf 87' lang='lat' dir='ltr'>significat</span> <span class='ocrx_word' id='word_1_220' title='bbox 442 3449 686 3514; x_wconf 81' lang='lat' dir='ltr'>celebrationem</span> <span class='ocrx_word' id='word_1_221' title='bbox 700 3462 732 3514; x_wconf 89' lang='lat' dir='ltr'>et</span> <span class='ocrx_word' id='word_1_222' title='bbox 741 3449 1015 3535; x_wconf 79' lang='lat' dir='ltr'>glorificationem</span> <span class='ocrx_word' id='word_1_223' title='bbox 1025 3448 1162 3512; x_wconf 85' lang='lat' dir='ltr'>Domini</span> <span class='ocrx_word' id='word_1_224' title='bbox 1173 3470 1283 3515; x_wconf 86' lang='lat' dir='ltr'>coram</span> <span class='ocrx_word' id='word_1_225' title='bbox 1294 3452 1384 3533; x_wconf 79' lang='lat' dir='ltr'>Ipso,</span> 
     </span>
     <span class='ocr_line' id='line_1_30' title="bbox 263 3540 1385 3627; baseline 0.003 -20"><span class='ocrx_word' id='word_1_226' title='bbox 263 3552 295 3607; x_wconf 89' lang='lat' dir='ltr'>el</span> <span class='ocrx_word' id='word_1_227' title='bbox 311 3564 420 3608; x_wconf 90' lang='lat' dir='ltr'>coram</span> <span class='ocrx_word' id='word_1_228' title='bbox 437 3543 580 3626; x_wconf 81' lang='lat' dir='ltr'>Angelis</span> <span class='ocrx_word' id='word_1_229' title='bbox 598 3546 806 3626; x_wconf 77' lang='lat' dir='ltr'>superiorum</span> <span class='ocrx_word' id='word_1_230' title='bbox 827 3544 857 3610; x_wconf 87' lang='lat' dir='ltr'><em>C</em></span> <span class='ocrx_word' id='word_1_231' title='bbox 856 3540 1158 3625; x_wconf 62' lang='lat' dir='ltr'>armornm-Quod</span> <span class='ocrx_word' id='word_1_232' title='bbox 1178 3565 1237 3627; x_wconf 91' lang='lat' dir='ltr'>per</span> <span class='ocrx_word' id='word_1_233' title='bbox 1254 3551 1273 3578; x_wconf 94' lang='lat'>“</span> <span class='ocrx_word' id='word_1_234' title='bbox 1283 3566 1385 3610; x_wconf 88' lang='lat' dir='ltr'>cane·</span> 
     </span>
     <span class='ocr_line' id='line_1_31' title="bbox 264 3638 1384 3721; baseline 0.003 -19"><span class='ocrx_word' id='word_1_235' title='bbox 264 3640 347 3702; x_wconf 91' lang='lat' dir='ltr'>bant</span> <span class='ocrx_word' id='word_1_236' title='bbox 370 3640 538 3702; x_wconf 91' lang='lat' dir='ltr'>canticum</span> <span class='ocrx_word' id='word_1_237' title='bbox 562 3638 712 3702; x_wconf 79' lang='lat' dir='ltr'>novum”</span> <span class='ocrx_word' id='word_1_238' title='bbox 734 3638 943 3720; x_wconf 87' lang='lat' dir='ltr'>significetur</span> <span class='ocrx_word' id='word_1_239' title='bbox 965 3639 1094 3720; x_wconf 86' lang='lat' dir='ltr'>agnitio</span> <span class='ocrx_word' id='word_1_240' title='bbox 1121 3649 1157 3702; x_wconf 91' lang='lat' dir='ltr'>et</span> <span class='ocrx_word' id='word_1_241' title='bbox 1183 3640 1384 3721; x_wconf 88' lang='lat' dir='ltr'>glorificatio</span> 
     </span>
     <span class='ocr_line' id='line_1_32' title="bbox 264 3730 1386 3816; baseline 0.002 -20"><span class='ocrx_word' id='word_1_242' title='bbox 264 3732 411 3807; x_wconf 85' lang='lat' dir='ltr'>Domini,</span> <span class='ocrx_word' id='word_1_243' title='bbox 436 3732 525 3815; x_wconf 93' lang='lat' dir='ltr'>quod</span> <span class='ocrx_word' id='word_1_244' title='bbox 553 3730 652 3796; x_wconf 88' lang='lat' dir='ltr'>Solus</span> <span class='ocrx_word' id='word_1_245' title='bbox 679 3734 722 3797; x_wconf 89' lang='lat' dir='ltr'>sit</span> <span class='ocrx_word' id='word_1_246' title='bbox 748 3732 870 3814; x_wconf 87' lang='lat' dir='ltr'>Judex‚</span> <span class='ocrx_word' id='word_1_247' title='bbox 898 3732 1120 3816; x_wconf 89' lang='lat' dir='ltr'>Redemptor,</span> <span class='ocrx_word' id='word_1_248' title='bbox 1145 3732 1313 3807; x_wconf 86' lang='lat' dir='ltr'>Salvator,</span> <span class='ocrx_word' id='word_1_249' title='bbox 1336 3734 1386 3798; x_wconf 89' lang='lat' dir='ltr'>ita</span> 
     </span>
     <span class='ocr_line' id='line_1_33' title="bbox 265 3825 1384 3910; baseline 0.001 -19"><span class='ocrx_word' id='word_1_250' title='bbox 265 3826 357 3891; x_wconf 88' lang='lat' dir='ltr'>Deus</span> <span class='ocrx_word' id='word_1_251' title='bbox 376 3825 468 3890; x_wconf 89' lang='lat' dir='ltr'>Caeli</span> <span class='ocrx_word' id='word_1_252' title='bbox 492 3837 526 3891; x_wconf 88' lang='lat' dir='ltr'>et</span> <span class='ocrx_word' id='word_1_253' title='bbox 545 3826 681 3903; x_wconf 84' lang='lat' dir='ltr'>Terrae,</span> <span class='ocrx_word' id='word_1_254' title='bbox 702 3826 856 3891; x_wconf 89' lang='lat' dir='ltr'>videatur</span> <span class='ocrx_word' id='word_1_255' title='bbox 877 3847 977 3909; x_wconf 87' lang='lat' dir='ltr'>supra</span> <span class='ocrx_word' id='word_1_256' title='bbox 997 3826 1044 3908; x_wconf 93' lang='lat' dir='ltr'>(n.</span> <span class='ocrx_word' id='word_1_257' title='bbox 1064 3826 1162 3909; x_wconf 87' lang='lat'>279);</span> <span class='ocrx_word' id='word_1_258' title='bbox 1186 3830 1276 3910; x_wconf 94' lang='lat' dir='ltr'>quod</span> <span class='ocrx_word' id='word_1_259' title='bbox 1297 3834 1384 3892; x_wconf 88' lang='lat' dir='ltr'>“co-</span> 
     </span>
     <span class='ocr_line' id='line_1_34' title="bbox 263 3918 1393 4005; baseline 0.001 -20"><span class='ocrx_word' id='word_1_260' title='bbox 263 3940 335 3985; x_wconf 89' lang='lat' dir='ltr'>ram</span> <span class='ocrx_word' id='word_1_261' title='bbox 354 3918 516 3984; x_wconf 87' lang='lat' dir='ltr'>Throno&#39;&#39;</span> <span class='ocrx_word' id='word_1_262' title='bbox 535 3922 577 3984; x_wconf 89' lang='lat' dir='ltr'>sit</span> <span class='ocrx_word' id='word_1_263' title='bbox 597 3941 710 3985; x_wconf 89' lang='lat' dir='ltr'>coram</span> <span class='ocrx_word' id='word_1_264' title='bbox 731 3920 890 3995; x_wconf 90' lang='lat' dir='ltr'>Domino,</span> <span class='ocrx_word' id='word_1_265' title='bbox 907 3932 960 3985; x_wconf 91' lang='lat' dir='ltr'>est</span> <span class='ocrx_word' id='word_1_266' title='bbox 976 3922 1052 4003; x_wconf 91' lang='lat' dir='ltr'>quia</span> <span class='ocrx_word' id='word_1_267' title='bbox 1071 3922 1148 4002; x_wconf 93' lang='lat' dir='ltr'>Ipse</span> <span class='ocrx_word' id='word_1_268' title='bbox 1167 3919 1266 3986; x_wconf 90' lang='lat' dir='ltr'>Solus</span> <span class='ocrx_word' id='word_1_269' title='bbox 1284 3925 1393 4005; x_wconf 77' lang='lat' dir='ltr'>super&#39;</span> 
     </span>
     <span class='ocr_line' id='line_1_35' title="bbox 264 4015 1384 4098; baseline 0 -18"><span class='ocrx_word' id='word_1_270' title='bbox 264 4015 404 4080; x_wconf 89' lang='lat' dir='ltr'>Throno</span> <span class='ocrx_word' id='word_1_271' title='bbox 420 4016 536 4092; x_wconf 90' lang='lat' dir='ltr'>sedet;</span> <span class='ocrx_word' id='word_1_272' title='bbox 560 4016 650 4097; x_wconf 91' lang='lat' dir='ltr'>quod</span> <span class='ocrx_word' id='word_1_273' title='bbox 667 4020 808 4078; x_wconf 88' lang='lat' dir='ltr'>“coram</span> <span class='ocrx_word' id='word_1_274' title='bbox 824 4025 969 4098; x_wconf 91' lang='lat' dir='ltr'>quatuor</span> <span class='ocrx_word' id='word_1_275' title='bbox 984 4015 1198 4079; x_wconf 88' lang='lat' dir='ltr'>Animalibus</span> <span class='ocrx_word' id='word_1_276' title='bbox 1217 4026 1252 4079; x_wconf 91' lang='lat' dir='ltr'>et</span> <span class='ocrx_word' id='word_1_277' title='bbox 1268 4035 1384 4080; x_wconf 89' lang='lat' dir='ltr'>coram</span> 
     </span>
     <span class='ocr_line' id='line_1_36' title="bbox 265 4108 1383 4193; baseline 0 -20"><span class='ocrx_word' id='word_1_278' title='bbox 265 4108 481 4173; x_wconf 88' lang='lat' dir='ltr'>Senioribus”</span> <span class='ocrx_word' id='word_1_279' title='bbox 504 4110 546 4173; x_wconf 93' lang='lat' dir='ltr'>sit</span> <span class='ocrx_word' id='word_1_280' title='bbox 577 4128 690 4173; x_wconf 88' lang='lat' dir='ltr'>coram</span> <span class='ocrx_word' id='word_1_281' title='bbox 721 4109 868 4190; x_wconf 87' lang='lat' dir='ltr'>Angelis</span> <span class='ocrx_word' id='word_1_282' title='bbox 897 4111 1102 4191; x_wconf 88' lang='lat' dir='ltr'>superiorum</span> <span class='ocrx_word' id='word_1_283' title='bbox 1131 4109 1309 4173; x_wconf 87' lang='lat' dir='ltr'>Caelorum</span> <span class='ocrx_word' id='word_1_284' title='bbox 1335 4110 1383 4193; x_wconf 89' lang='lat' dir='ltr'>(n.</span> 
     </span>
     <span class='ocr_line' id='line_1_37' title="bbox 266 4202 1384 4288; baseline 0.004 -24"><span class='ocrx_word' id='word_1_285' title='bbox 266 4204 340 4285; x_wconf 89' lang='lat'><strong>369)</strong></span> <span class='ocrx_word' id='word_1_286' title='bbox 355 4225 363 4281; x_wconf 89' lang='lat'>;</span> <span class='ocrx_word' id='word_1_287' title='bbox 386 4223 445 4285; x_wconf 87' lang='lat' dir='ltr'>per</span> <span class='ocrx_word' id='word_1_288' title='bbox 463 4208 652 4285; x_wconf 86' lang='lat' dir='ltr'>“tanquam</span> <span class='ocrx_word' id='word_1_289' title='bbox 668 4204 837 4267; x_wconf 88' lang='lat' dir='ltr'>canticum</span> <span class='ocrx_word' id='word_1_290' title='bbox 855 4202 1001 4266; x_wconf 88' lang='lat' dir='ltr'>novum”</span> <span class='ocrx_word' id='word_1_291' title='bbox 1014 4203 1220 4288; x_wconf 85' lang='lat' dir='ltr'>significatur</span> <span class='ocrx_word' id='word_1_292' title='bbox 1232 4204 1384 4268; x_wconf 90' lang='lat' dir='ltr'>celebra·</span> 
     </span>
     <span class='ocr_line' id='line_1_38' title="bbox 265 4296 1382 4379; baseline 0.002 -19"><span class='ocrx_word' id='word_1_293' title='bbox 265 4298 314 4361; x_wconf 92' lang='lat' dir='ltr'>tio</span> <span class='ocrx_word' id='word_1_294' title='bbox 331 4307 366 4361; x_wconf 85' lang='lat' dir='ltr'>et</span> <span class='ocrx_word' id='word_1_295' title='bbox 385 4296 587 4379; x_wconf 85' lang='lat' dir='ltr'>glorificatio</span> <span class='ocrx_word' id='word_1_296' title='bbox 606 4297 741 4362; x_wconf 92' lang='lat' dir='ltr'>Domini</span> <span class='ocrx_word' id='word_1_297' title='bbox 761 4298 794 4360; x_wconf 90' lang='lat' dir='ltr'>in</span> <span class='ocrx_word' id='word_1_298' title='bbox 814 4296 914 4361; x_wconf 92' lang='lat' dir='ltr'>Novo</span> <span class='ocrx_word' id='word_1_299' title='bbox 933 4296 1038 4360; x_wconf 91' lang='lat' dir='ltr'>Caelo</span> <span class='ocrx_word' id='word_1_300' title='bbox 1056 4296 1259 4372; x_wconf 89' lang='lat' dir='ltr'>Christiano,</span> <span class='ocrx_word' id='word_1_301' title='bbox 1277 4298 1329 4362; x_wconf 91' lang='lat' dir='ltr'>hic</span> <span class='ocrx_word' id='word_1_302' title='bbox 1349 4301 1382 4362; x_wconf 94' lang='lat' dir='ltr'>in</span> 
     </span>
     <span class='ocr_line' id='line_1_39' title="bbox 265 4389 1383 4475; baseline 0.002 -20"><span class='ocrx_word' id='word_1_303' title='bbox 265 4393 376 4475; x_wconf 88' lang='lat' dir='ltr'>specie</span> <span class='ocrx_word' id='word_1_304' title='bbox 401 4391 491 4475; x_wconf 92' lang='lat' dir='ltr'>quod</span> <span class='ocrx_word' id='word_1_305' title='bbox 521 4392 565 4455; x_wconf 91' lang='lat' dir='ltr'>sit</span> <span class='ocrx_word' id='word_1_306' title='bbox 590 4393 726 4473; x_wconf 86' lang='lat' dir='ltr'>agnitus</span> <span class='ocrx_word' id='word_1_307' title='bbox 756 4412 816 4474; x_wconf 93' lang='lat' dir='ltr'>pro</span> <span class='ocrx_word' id='word_1_308' title='bbox 846 4391 922 4454; x_wconf 92' lang='lat' dir='ltr'>Deo</span> <span class='ocrx_word' id='word_1_309' title='bbox 948 4389 1042 4454; x_wconf 86' lang='lat' dir='ltr'>Caeli</span> <span class='ocrx_word' id='word_1_310' title='bbox 1072 4400 1106 4454; x_wconf 90' lang='lat' dir='ltr'>et</span> <span class='ocrx_word' id='word_1_311' title='bbox 1133 4391 1269 4467; x_wconf 89' lang='lat' dir='ltr'>Terrae,</span> <span class='ocrx_word' id='word_1_312' title='bbox 1296 4393 1383 4457; x_wconf 90' lang='lat' dir='ltr'>sicut</span> 
     </span>
     <span class='ocr_line' id='line_1_40' title="bbox 265 4484 1383 4568; baseline -0.001 -19"><span class='ocrx_word' id='word_1_313' title='bbox 265 4486 460 4567; x_wconf 85' lang='lat' dir='ltr'>agnoscitur</span> <span class='ocrx_word' id='word_1_314' title='bbox 481 4487 513 4549; x_wconf 93' lang='lat' dir='ltr'>in</span> <span class='ocrx_word' id='word_1_315' title='bbox 537 4484 648 4549; x_wconf 88' lang='lat' dir='ltr'>Caelis</span> <span class='ocrx_word' id='word_1_316' title='bbox 670 4486 835 4568; x_wconf 88' lang='lat' dir='ltr'>antiquis:</span> <span class='ocrx_word' id='word_1_317' title='bbox 863 4485 947 4548; x_wconf 89' lang='lat' dir='ltr'>haec</span> <span class='ocrx_word' id='word_1_318' title='bbox 969 4485 1111 4548; x_wconf 87' lang='lat' dir='ltr'>involvit</span> <span class='ocrx_word' id='word_1_319' title='bbox 1133 4484 1254 4548; x_wconf 88' lang='lat' dir='ltr'>vocula</span> <span class='ocrx_word' id='word_1_320' title='bbox 1278 4491 1383 4549; x_wconf 83' lang='lat' dir='ltr'>“tan-</span> 
     </span>
     <span class='ocr_line' id='line_1_41' title="bbox 266 4578 1382 4662; baseline 0.002 -21"><span class='ocrx_word' id='word_1_321' title='bbox 266 4580 406 4661; x_wconf 86' lang='lat' dir='ltr'>quam,·’&#39;</span> <span class='ocrx_word' id='word_1_322' title='bbox 427 4599 506 4643; x_wconf 91' lang='lat' dir='ltr'>nam</span> <span class='ocrx_word' id='word_1_323' title='bbox 527 4584 716 4661; x_wconf 88' lang='lat' dir='ltr'>“tanquam</span> <span class='ocrx_word' id='word_1_324' title='bbox 735 4580 904 4642; x_wconf 89' lang='lat' dir='ltr'>canticum</span> <span class='ocrx_word' id='word_1_325' title='bbox 924 4578 1072 4642; x_wconf 89' lang='lat' dir='ltr'>novum”</span> <span class='ocrx_word' id='word_1_326' title='bbox 1090 4589 1142 4642; x_wconf 90' lang='lat' dir='ltr'>est</span> <span class='ocrx_word' id='word_1_327' title='bbox 1163 4589 1325 4662; x_wconf 91' lang='lat' dir='ltr'>tanquam</span> <span class='ocrx_word' id='word_1_328' title='bbox 1348 4581 1382 4643; x_wconf 94' lang='lat' dir='ltr'>id</span> 
     </span>
     <span class='ocr_line' id='line_1_42' title="bbox 267 4672 1381 4756; baseline 0.002 -20"><span class='ocrx_word' id='word_1_329' title='bbox 267 4692 390 4738; x_wconf 91' lang='lat' dir='ltr'>novum</span> <span class='ocrx_word' id='word_1_330' title='bbox 413 4674 469 4752; x_wconf 89' lang='lat' dir='ltr'>sit,</span> <span class='ocrx_word' id='word_1_331' title='bbox 496 4693 572 4737; x_wconf 90' lang='lat' dir='ltr'>cum</span> <span class='ocrx_word' id='word_1_332' title='bbox 598 4682 714 4737; x_wconf 89' lang='lat' dir='ltr'>tamen</span> <span class='ocrx_word' id='word_1_333' title='bbox 741 4692 809 4738; x_wconf 92' lang='lat' dir='ltr'>non</span> <span class='ocrx_word' id='word_1_334' title='bbox 839 4683 892 4738; x_wconf 91' lang='lat' dir='ltr'>est</span> <span class='ocrx_word' id='word_1_335' title='bbox 921 4691 1057 4738; x_wconf 86' lang='lat' dir='ltr'>novum.</span> <span class='ocrx_word' id='word_1_336' title='bbox 1116 4672 1217 4756; x_wconf 87' lang='lat' dir='ltr'>Quod</span> <span class='ocrx_word' id='word_1_337' title='bbox 1246 4674 1381 4738; x_wconf 86' lang='lat' dir='ltr'>Novum</span> 
     </span>
    </p>
   </div>
   <div class='ocr_carea' id='block_1_6' title="bbox 0 0 1696 5400">
    <p class='ocr_par' dir='ltr' id='par_1_8' title="bbox 0 0 1696 5400">
     <span class='ocr_line' id='line_1_43' title="bbox 0 0 1696 5400; baseline 0 3"><span class='ocrx_word' id='word_1_338' title='bbox 0 0 1696 5400; x_wconf 95' lang='lat' dir='ltr'> </span> 
     </span>
    </p>
   </div>
  </div>
 </body>
</html>
