3384 5400
554 648 632 699 cae.
649 650 738 713 xxi,
755 648 857 699 vans.
880 634 1005 699 16.-n.
1022 650 1093 718 907.
1323 636 1383 718 815

265 832 302 889 et
326 822 414 886 veris
436 820 611 884 Ecclesiae
637 840 682 883 ex
706 819 823 883 Verbo
846 829 910 893 est,
935 820 1148 883 consociatus
1175 828 1227 882 est
1253 818 1384 901 angelis

265 916 369 992 Caeli,
393 926 429 979 et
458 933 534 979 cum
557 914 621 977 illis
643 915 755 997 quoad
777 916 936 977 interiora
959 915 1084 978 mentis
1106 913 1303 991 cohabitat;
1337 913 1385 977 illi

263 1014 319 1094 qui
341 1013 375 1075 in
393 1012 485 1074 bono
502 1010 626 1073 amoris
643 1018 733 1082 sunt,
752 1010 787 1072 in
805 1012 935 1072 oriente
953 1020 989 1071 et
1008 1008 1186 1071 occidente
1205 1006 1319 1086 Caeli;
1348 1017 1384 1071 et

264 1106 311 1169 illi
333 1106 389 1189 qui
411 1107 443 1167 in
462 1105 549 1167 veris
567 1104 753 1185 sapientiae
772 1113 861 1179 sunt,
880 1104 916 1165 in
934 1102 1070 1166 meridie
1093 1112 1129 1166 et
1152 1103 1384 1183 septentrione

264 1200 366 1264 Caeli.
411 1199 489 1262 Hoc
507 1198 642 1281 quidem
661 1198 768 1261 nescit
792 1199 915 1275 homo;
944 1197 1004 1261 sed
1024 1206 1140 1261 tamen
1159 1198 1384 1280 unusquisque

263 1305 341 1376 post
364 1305 509 1357 mortem
538 1294 573 1355 in
596 1312 691 1355 suum
715 1292 826 1355 locum
849 1294 953 1366 uenit.
998 1290 1083 1355 Inde
1106 1311 1194 1355 nunc
1217 1302 1270 1355 est
1293 1292 1384 1373 quod

263 1407 322 1470 per
345 1385 650 1467 “longitudinem''
672 1406 750 1449 cum
772 1387 816 1450 de
838 1385 1005 1460 Ecclesia,
1028 1386 1234 1467 significetur
1257 1386 1383 1451 bonum

262 1481 342 1561 ejus,
366 1491 401 1545 et
425 1501 484 1562 per
503 1480 746 1544 “latitudinem
755 1479 769 1504 ”
787 1500 904 1543 verum
927 1479 1016 1560 ejus:
1048 1480 1140 1563 quod
1162 1480 1205 1543 de
1229 1479 1384 1545 Ecclesia

264 1596 331 1639 non
354 1578 462 1658 possit
485 1575 668 1657 praedicari
693 1575 824 1656 longum
842 1584 878 1637 et
901 1573 1016 1648 latum,
1040 1575 1100 1637 sed
1123 1574 1214 1657 quod
1236 1574 1279 1638 de
1302 1575 1384 1639 urbe

263 1690 322 1753 per
341 1690 441 1752 quam
459 1668 666 1751 significatur
687 1668 842 1732 Ecclesia
865 1670 983 1751 possit,
1002 1678 1109 1750 patet.
1155 1667 1254 1748 Quod
1277 1670 1383 1751 signi·

262 1774 358 1829 cetur
376 1764 466 1847 quod
489 1764 614 1827 bonum
632 1774 670 1828 et
687 1782 802 1827 verum
825 1764 858 1825 in
883 1762 939 1825 illa
958 1762 1114 1827 Ecclesia
1132 1783 1234 1826 unum
1257 1764 1382 1827 saciant

262 1860 348 1923 sicut
372 1859 520 1921 essentia
541 1868 576 1921 et
599 1857 716 1933 forma,
740 1867 792 1920 est
815 1857 894 1940 quia
916 1857 1037 1920 dicitur
1059 1857 1149 1939 quod
1173 1857 1383 1939 “longitudo

262 1953 332 2033 ejus
350 1962 448 2017 tauta
469 1954 513 2015 sit
535 1962 662 2035 quanta
684 1962 721 2016 et
743 1951 889 2015 latitudo
901 1950 926 2029 ;''
945 1960 980 2015 et
1004 1972 1062 2033 per
1082 1952 1358 2033 “longitudinem
1368 1955 1382 1977 ”

263 2046 470 2130 significatur
492 2048 617 2109 bonum
639 2046 824 2120 Ecclesiae,
843 2057 880 2109 et
903 2066 962 2128 per
981 2046 1223 2110 “latitudinem
1232 2046 1247 2071 ’'
1265 2068 1381 2112 verum

263 2140 344 2222 ejus,
365 2152 401 2206 ut
424 2138 550 2204 dicium
573 2150 645 2204 est:
677 2141 769 2224 quod
793 2160 894 2203 unum
916 2140 1042 2204 saciant
1064 2142 1152 2205 sicut
1173 2144 1320 2205 essentia
1345 2154 1381 2207 et

262 2236 379 2312 forma,
396 2246 448 2300 est
467 2236 543 2318 quia
561 2254 682 2299 verum·
692 2244 745 2299 est
763 2234 870 2298 forma
888 2236 977 2307 boni,
994 2246 1030 2299 et
1049 2235 1174 2298 bonum
1193 2245 1246 2299 est
1264 2257 1381 2301 essen-

264 2332 313 2394 tia
329 2332 409 2405 veri,
428 2350 467 2395 ac
486 2331 633 2393 essentia
650 2340 686 2393 et
704 2329 810 2393 forma
828 2350 929 2393 unum
948 2328 1084 2392 iaciunt.

323 2446 424 2515 9⁴17·
452 2432 518 2495 ‘fr
540 2450 666 2495 mensus
686 2436 738 2494 eet
756 2431 860 2494 uelem
882 2432 1002 2494 calamo
1025 2431 1068 2493 τά
1092 2431 1194 2494 studia
1217 2432 1382 2497 duodecies

263 2521 354 2594 mille,
381 2522 535 2604 longitudo
561 2526 596 2584 et
620 2520 747 2584 latitudo
774 2526 809 2584 et
833 2520 962 2584 ultriudo
988 2520 1056 2603 ejus
1083 2522 1226 2603 nequalia
1253 2524 1381 2597 emnt,''

264 2612 431 2695 significat
452 2622 619 2677 ostensum
636 2612 733 2695 quale
753 2612 848 2676 illius
865 2612 1030 2677 Ecclesiae
1050 2635 1093 2677 ex
1114 2614 1275 2689 doctrina,
1295 2617 1386 2698 quod

264 2709 373 2772 omnr're
390 2711 459 2792 q'us
484 2719 592 2773 essent
615 2730 658 2772 ex
686 2708 765 2772 bono
790 2709 1033 2773 amores—Per
1061 2711 1199 2774 “metiri
1225 2711 1380 2776 calamo''

264 2803 470 2886 significatur
485 2822 692 2886 cognoscere
711 2803 809 2885 quale
827 2805 874 2866 rei
895 2801 941 2885 (n.
957 2804 1035 2886 904)
1050 2826 1057 2883 ;
1080 2816 1115 2870 et
1132 2807 1208 2888 quia
1224 2805 1381 2889 Angelus

265 2917 378 2962 coram
402 2898 556 2979 Johanne
586 2917 722 2961 mensus
752 2907 815 2972 est,
843 2899 1051 2978 significatur
1076 2900 1109 2963 id
1136 2901 1316 2965 ostendere
1344 2912 1380 2965 ut

265 3003 508 3074 cognosceret;
541 3011 601 3074 per
626 2992 800 3066 “urbem''
824 2993 878 3056 hic
904 2991 1188 3074 Hierosolymam,
1212 2995 1379 3077 significa·

265 3098 318 3151 tur
333 3087 433 3150 Nova
449 3087 585 3151 Domini
601 3085 755 3150 Ecclesia
769 3088 880 3169 quoad
897 3085 1086 3151 doctrinam
1104 3087 1151 3170 (n.
1167 3091 1238 3170 879,
1253 3077 1355 3174 88ol¹s>
1372 3114 1379 3168 ;

264 3202 323 3264 ρετ
346 3182 486 3245 “stadia
507 3181 688 3244 duodecies
710 3180 802 3245 mille
810 3181 825 3206 ”
843 3179 1075 3263 significantur
1097 3184 1210 3246 omnia
1232 3184 1322 3247 bona
1344 3197 1379 3250 et

264 3296 343 3339 vera
365 3276 460 3339 istius
482 3274 676 3352 Ecclesiae;
704 3275 793 3357 quod
814 3276 1020 3339 “duodecim
1040 3276 1144 3339 millia
1154 3277 1169 3302 ”
1188 3277 1379 3358 significent

264 3370 383 3433 similia
397 3389 473 3432 cum
488 3369 676 3442 duodecim,
693 3380 729 3432 et
743 3370 833 3452 quod
852 3370 1058 3434 “duodecim
1068 3371 1082 3396 ”
1098 3370 1288 3452 significent
1304 3393 1379 3436 om-

265 3465 319 3526 nia
332 3465 423 3527 bona
438 3472 473 3526 et
489 3483 578 3537 vera,
595 3472 630 3526 et
645 3462 800 3526 dicantur
815 3464 858 3526 de
874 3463 1039 3537 Ecclesia,
1052 3465 1205 3528 videatur
1217 3485 1316 3548 supra
1331 3464 1378 3549 (n.

266 3557 352 3640 348).
397 3558 459 3620 Per
472 3561 491 3589 “
500 3557 610 3620 stadia
617 3555 632 3581 ’³
645 3555 876 3637 significantur
887 3557 1007 3622 similia
1019 3579 1104 3640 quae
1120 3579 1179 3641 per
1194 3579 1377 3636 mensuras,

265 3663 299 3716 et
318 3672 378 3734 ρετ
396 3649 620 3714 “mensuras''
639 3649 846 3731 significatur
864 3652 962 3735 quale
986 3651 1033 3734 (n.
1053 3670 1124 3733 313,
1143 3654 1232 3735 486).
1277 3652 1379 3736 Quod

266 3755 284 3778 “
293 3746 483 3828 longitudo,
496 3743 642 3808 latitudo
653 3754 688 3807 et
700 3743 846 3808 altitudo
854 3745 869 3770 ”
881 3747 1035 3810 dicantur
1048 3753 1067 3780 “
1077 3747 1257 3830 aequalia,”
1272 3759 1325 3813 est
1342 3761 1378 3812 ut

264 3841 467 3922 significetur
477 3839 565 3922 quod
579 3839 691 3902 omnia
702 3840 797 3902 istius
810 3839 986 3903 Ecclesiae
998 3851 1112 3904 essent
1125 3862 1169 3904 ex
1184 3843 1274 3905 bono
1284 3863 1378 3905 amo·

265 3937 325 3998 ris:
350 3953 409 4016 per
423 3939 442 3966 ‘⁶
451 3933 698 4014 longitudinem
706 3932 721 3957 ”
732 3934 822 3996 enim
834 3932 1042 4014 significatur
1058 3934 1181 3998 bonum
1195 3937 1329 4011 amoris,
1342 3947 1378 4002 et

264 4049 322 4110 per
335 4035 354 4060 “
363 4027 575 4091 latitudinem
583 4027 599 4051 ‘'
610 4047 726 4091 verum
738 4048 783 4102 ex
795 4027 854 4096 illo
866 4029 957 4091 bono
971 4027 1017 4111 (n.
1030 4029 1106 4110 906)
1121 4049 1128 4106 ;
1152 4038 1187 4092 et
1200 4049 1260 4110 per
1273 4030 1378 4094 “alti-

265 4123 414 4185 tudinem
422 4121 437 4146 '’
449 4119 656 4202 significatur
668 4121 794 4185 bonum
809 4132 844 4185 et
861 4142 977 4186 verum
989 4122 1086 4186 simul
1102 4125 1136 4186 in
1151 4124 1242 4186 omni
1258 4124 1377 4205 gradu,

264 4235 341 4280 nam
352 4216 499 4279 altitudo
511 4226 564 4280 est
578 4237 599 4279 a
611 4235 767 4298 supremo
778 4216 822 4278 ad
837 4218 951 4290 imum,
965 4227 1000 4281 et
1013 4235 1202 4299 supremum
1215 4217 1259 4280 ad
1275 4219 1378 4281 imum

264 4311 439 4374 descendit
450 4329 510 4392 ρετ
521 4310 656 4396 gradus,
668 4310 724 4392 qui
735 4320 900 4374 vocantur
912 4311 1036 4391 gradus
1048 4309 1246 4384 altitudinis,
1259 4310 1293 4372 in
1305 4311 1378 4392 qui-

264 4403 323 4467 bus
336 4413 415 4468 sunt
428 4403 520 4468 Caeli
535 4425 555 4467 a
567 4423 724 4485 supremo
735 4425 794 4468 seu
806 4407 909 4468 tertio
921 4405 964 4468 ad
976 4404 1131 4468 ultimum
1143 4424 1202 4468 seu
1215 4405 1356 4484 primum
1369 4424 1377 4480 3

264 4497 306 4560 de
320 4497 372 4563 his
386 4498 545 4579 gradibus
560 4495 673 4561 actum
686 4498 839 4562 videatur
854 4499 886 4560 in
901 4498 1074 4580 Sapientia
1085 4497 1116 4560 A
1121 4497 1246 4580 ngelica
1261 4497 1301 4560 de
1314 4497 1377 4560 Di·

264 4590 338 4653 vino
358 4591 484 4655 Amore
508 4601 540 4654 et
564 4590 692 4656 Divina
715 4590 898 4674 Sapientia,
922 4593 956 4656 in
980 4593 1079 4656 Parte
1103 4590 1230 4656 Tertia.
1275 4589 1377 4673 Quod
