3384 5400
612 739 870 794 APOCALYPSIS.

445 1389 726 1488 CAPUT
787 1393 1086 1494 xvl11.·

174 1805 341 2086 ET
357 1809 546 1906 posthaec
560 1811 634 1886 vidi
651 1807 797 1915 [alium]
814 1811 1002 1911 Angelum
1016 1791 1303 1891 descendentem

332 1949 353 1998 e
368 1923 493 2010 Caelo,
508 1924 706 2013 habentem
722 1943 941 2024 potestatem
956 1953 1142 2026 magnam,
1157 1945 1195 2003 et
1208 1946 1305 2006 terra

332 2039 504 2116 illustrata
520 2056 576 2114 est
593 2066 616 2114 a
630 2040 748 2139 gloria
765 2043 853 2141 ejus·
943 2133 949 2143 ,

230 2181 264 2230 2.
301 2155 349 2230 Et
365 2153 580 2230 exclamavit
598 2155 633 2230 in
652 2155 784 2230 virtute
803 2183 896 2232 voce
913 2182 1059 2256 magna,
1074 2157 1211 2242 dicens,
1229 2160 1302 2236 Ce-

174 2271 275 2355 cidit,
293 2270 434 2354 cecidit‚
454 2269 618 2366 Babylon
641 2296 787 2370 magna,
806 2287 844 2345 et
864 2269 961 2346 sada
982 2287 1038 2346 est
1058 2272 1303 2347 habitaculum

174 2386 469 2468 daemoniorum,
490 2400 528 2459 et
551 2385 715 2460 custodia
738 2387 858 2461 omnis
882 2387 1028 2484 spiritus
1052 2388 1241 2474 immundi,
1265 2407 1304 2466 et
1379 2461 1386 2482 ,

175 2501 342 2576 custodia
359 2500 479 2574 omnis
496 2501 575 2575 avis
593 2500 802 2574 immundae
820 2516 859 2574 et
876 2527 1026 2576 exosae.
1390 2588 1396 2601 Ι

230 2639 264 2710 3.
299 2615 394 2712 Quia
408 2640 456 2688 ex
467 2614 553 2688 vino
567 2614 643 2688 irae
657 2614 885 2688 scortationis
898 2616 978 2715 ejus
992 2616 1162 2690 biberunt
1173 2643 1303 2693 omnes

174 2747 323 2831 gentes,
341 2747 379 2804 et
396 2754 505 2829 reges
522 2746 641 2803 terrae
663 2755 745 2804 cum
768 2729 827 2803 illa
847 2730 995 2805 scortati
1016 2747 1121 2815 sunt;
1152 2749 1191 2807 et
1208 2760 1302 2807 mer-

175 2862 324 2921 catores
356 2860 474 2919 terrae
509 2869 556 2917 ex
591 2842 818 2917 facultatibus
848 2843 1056 2919 deliciarum
1091 2847 1170 2945 ejus
1200 2848 1303 2922 ditati

176 2976 276 3033 sunt.

230 3097 265 3165 4.
302 3072 350 3146 Et
370 3072 491 3146 audivi
512 3070 619 3146 aliam
638 3098 768 3147 vocem
791 3098 813 3147 e
835 3070 961 3156 Caelo,
979 3072 1174 3157 dicentem,
1193 3074 1302 3149 Exite

177 3216 228 3265 ex
247 3188 316 3273 illa,
329 3187 454 3286 populi
474 3186 561 3271 Mei,
576 3212 623 3261 ne
641 3187 835 3285 participes
852 3186 948 3261 fiatis
965 3204 1198 3285 peccatorum
1213 3190 1303 3289 ejus,

178 3320 219 3380 et
237 3328 284 3378 ne
302 3300 483 3399 recipiatis
501 3327 549 3376 ex
567 3300 685 3401 plagis
702 3302 791 3400 ejus.

234 3420 266 3492 5.
302 3416 487 3512 Quoniam
506 3418 736 3514 pertigerunt
748 3418 827 3514 ejus
845 3432 997 3514 peccata
1010 3442 1127 3515 usque
1145 3418 1192 3491 ad
1207 3418 1302 3496 Cae·

179 3533 268 3616 lum,
287 3548 327 3605 et
343 3531 552 3606 recordatus
570 3548 628 3605 est
646 3532 751 3605 Deus
770 3531 1022 3629 injustitiarum
1041 3532 1130 3630 ejus.

233 3652 267 3720 6.
304 3646 466 3721 Reddite
494 3645 541 3719 ilii
569 3646 883 3743 quemadmodum
912 3645 971 3719 illa
1001 3647 1159 3720 reddidit
1185 3648 1303 3742 vobis

182 3761 364 3859 duplicate
382 3761 417 3835 ei
435 3759 544 3858 dupla
561 3760 764 3834 secundum
783 3786 898 3858 opera
914 3762 1004 3859 ejus,
1023 3760 1059 3835 in
1078 3761 1210 3858 poculo
1227 3787 1304 3858 quo

183 3877 328 3951 miscuit
345 3876 496 3950 miscete
514 3876 549 3949 ei
567 3874 730 3972 duplum.

236 4012 268 4084 7.
303 3992 491 4088 Quantum
518 3989 736 4089 glorificavit
762 4016 803 4064 se
832 3990 951 4087 ipsam
978 4005 1017 4065 et
1040 3990 1209 4065 deliciata
1235 4006 1303 4073 est,

183 4122 327 4181 tantum
344 4106 430 4180 date
448 4104 496 4179 illi
512 4104 708 4179 cruciatum
727 4120 766 4179 et
782 4102 932 4187 luctum,
947 4104 1035 4200 quia
1052 4104 1087 4177 in
1107 4104 1218 4179 corde
1236 4130 1305 4178 suo

184 4222 279 4303 dicit,
302 4220 427 4295 Sedeo
448 4220 577 4319 regina
598 4235 637 4293 et
658 4218 769 4292 vidua
793 4243 868 4291 non
890 4244 983 4301 sum,
1005 4233 1044 4293 et
1066 4216 1204 4291 lucium
1229 4244 1303 4293 non

185 4336 330 4410 videbo.

234 4454 267 4524 8.
305 4450 460 4546 Propter
474 4447 545 4523 hoc
562 4448 598 4521 in
617 4473 691 4523 una
704 4447 765 4521 die
779 4446 933 4522 venient
949 4444 1081 4546 plagae
1100 4448 1190 4546 ejus,
1204 4472 1305 4521 mors

186 4581 222 4639 et
244 4561 363 4639 ludius
386 4579 424 4637 et
446 4562 572 4647 sames
594 4562 689 4636 etin
715 4562 801 4661 igne
822 4561 1070 4647 comburetur,
1092 4562 1180 4659 quia
1202 4561 1305 4636 sortis

188 4679 370 4755 Dominus
389 4678 495 4755 Deus
506 4676 678 4777 judicans
697 4676 804 4751 iliam.
