3384 5400
538 716 617 768 cnr.
634 716 722 778 xcx,
739 714 842 767 vens.
864 704 989 767 18.—N.
1005 703 1076 784 832·
1304 718 1364 787 735

241 886 334 951 bona
351 896 429 951 sunt
448 886 481 950 in
498 886 611 950 calore
626 885 713 949 illius
732 885 834 965 lucis;
858 906 960 969 quare
977 886 1039 949 nisi
1056 883 1250 950 intellectus
1269 886 1313 951 sit
1332 888 1363 950 in

242 980 319 1045 luce
339 980 433 1045 Caeli
456 1001 516 1064 per
534 980 696 1055 Verbum,
719 1000 786 1043 non
805 989 921 1063 potest
941 980 1100 1045 voluntas
1118 981 1232 1044 venire
1255 982 1288 1045 in
1308 1002 1366 1045 ca·

242 1076 351 1139 lorem
371 1075 473 1139 Caeli.
519 1074 629 1139 Amor
651 1085 686 1139 et
709 1075 857 1138 charitas
881 1094 948 1138 non
972 1085 1088 1158 potest
1110 1076 1244 1139 formari
1263 1096 1364 1158 quarn

242 1191 303 1253 per
325 1192 405 1233 vera
428 1190 473 1233 ex
493 1170 609 1233 Verbo
620 1191 628 1247 ;
653 1190 720 1234 non
740 1180 856 1253 potest
875 1169 978 1233 homo
997 1169 1167 1234 reformari
1186 1191 1287 1253 quam
1307 1192 1366 1255 per

241 1286 323 1328 vera
339 1264 427 1328 inde.
473 1264 550 1347 Ipsa
567 1262 722 1327 Ecclesia
740 1263 830 1347 apud
846 1264 1019 1328 hominem
1035 1263 1198 1328 formatur
1216 1286 1276 1347 per
1294 1265 1363 1340 illa,

241 1361 303 1424 sed
323 1378 392 1422 non
413 1379 472 1441 per
490 1380 569 1423 vera
591 1359 649 1422 illa
671 1360 704 1421 in
723 1358 798 1421 solo
817 1355 1004 1434 intellectu,
1024 1358 1084 1422 sed
1108 1360 1290 1441 pervitam
1310 1381 1364 1424 se·

242 1453 391 1517 cundum
410 1454 486 1530 illa;
510 1453 558 1518 ita
574 1454 702 1516 intrant
718 1473 798 1516 vera
813 1453 846 1516 in
864 1452 1088 1528 voluntatem,
1102 1462 1138 1518 et
1153 1452 1237 1519 fiunt
1253 1446 1363 1533 bona;

241 1550 386 1612 vertitur
404 1549 451 1611 sic
470 1548 572 1613 facies
590 1549 660 1612 veri
683 1549 716 1611 in
736 1547 857 1611 faciem
876 1548 974 1611 boni:
1002 1548 1094 1630 quod
1113 1550 1203 1611 enim
1225 1558 1279 1613 est
1302 1569 1363 1613 vo·

241 1642 385 1706 luntatis
403 1651 438 1706 et
457 1644 504 1706 sic
523 1645 657 1717 amoris,
678 1643 742 1705 hoc
766 1651 909 1706 vocatur
926 1642 1073 1721 bonum;
1097 1652 1132 1706 et
1151 1662 1253 1707 omne
1271 1644 1363 1727 quod

241 1736 431 1801 voluntatis
446 1757 505 1801 seu
524 1739 647 1801 amoris
666 1746 730 1811 est,
748 1737 781 1799 id
799 1738 904 1799 etiam
923 1738 1015 1800 vitae
1034 1738 1179 1800 hominis
1198 1748 1261 1801 est.
1306 1738 1363 1802 Ex

241 1832 295 1897 his
314 1833 419 1897 videri
437 1843 563 1915 potest,
583 1832 674 1915 quod
691 1831 922 1914 appropriatio
940 1831 1021 1895 boni
1044 1852 1102 1914 per
1120 1852 1200 1895 vera
1218 1832 1252 1895 in
1270 1835 1364 1897 omni

240 1947 356 2003 sensu,
379 1928 486 2009 gradu
508 1936 544 1991 et
574 1946 710 2008 genere,
735 1947 794 2008 per
817 1925 970 1990 Verbum
992 1946 1012 1989 a
1042 1926 1203 2001 Domino,
1227 1926 1280 1992 hic
1304 1948 1364 2011 per

244 2022 454 2087 “comedere
477 2021 619 2085 carnes”
642 2020 774 2085 illorum
804 2022 860 2103 qui
891 2022 1118 2096 nominantur,
1141 2020 1362 2104 intelligatur.

242 2115 329 2199 Quis
348 2136 416 2180 non
435 2126 550 2198 potest
569 2117 682 2180 videre
700 2115 792 2197 quod
815 2135 884 2177 non
903 2134 1022 2179 carnes
1040 2134 1099 2197 per
1119 2116 1290 2180 “carnes''
1308 2117 1362 2181 hic

241 2211 497 2293 intelligantur3
520 2211 593 2293 quis
609 2220 725 2293 potest
741 2220 812 2273 tarn
829 2211 966 2272 insanus
982 2230 1067 2285 esse,
1085 2219 1121 2273 ut
1138 2210 1255 2275 credat
1271 2213 1362 2295 quod

242 2306 411 2369 Dominus
431 2314 533 2369 vocet
556 2314 592 2369 et
614 2314 783 2369 convocet
806 2323 926 2367 omnes
949 2304 992 2367 ad
1016 2323 1175 2386 magnam
1199 2303 1361 2380 Caenam,

242 2411 282 2465 ut
297 2400 357 2464 det
372 2399 437 2464 illis
452 2399 631 2463 comedere
647 2418 766 2462 carnes
781 2418 910 2479 regum,
928 2397 1197 2473 chiliarchorum,
1214 2400 1360 2475 sortium,

241 2514 416 2578 equorum,
436 2494 653 2557 insidentium
676 2492 752 2568 illis,
775 2492 955 2557 liberorum
978 2504 1013 2557 et
1036 2513 1220 2568 servorum,
1240 2515 1362 2578 parvo·

242 2609 317 2654 rum
339 2599 375 2654 et
399 2608 619 2670 magnorum
650 2589 724 2671 quis
747 2607 815 2652 non
838 2587 952 2651 videre
976 2597 1102 2670 potest,
1127 2589 1217 2671 quod
1233 2591 1280 2652 -in
1310 2590 1361 2653 his

242 2684 369 2750 Sensus
385 2682 565 2767 spiritualis
580 2685 635 2757 sit,
653 2693 688 2748 et
707 2683 797 2767 quod
813 2684 940 2766 absque
959 2682 1018 2747 illo
1034 2682 1142 2748 Sensu
1159 2704 1260 2749 nemo
1276 2686 1362 2750 sciat

242 2780 322 2863 quid
345 2780 429 2844 haec
453 2777 665 2860 significant3
694 2780 767 2861 quis
790 2780 935 2842 sustinet
959 2798 1084 2860 negare
1107 2780 1185 2862 quin
1209 2777 1362 2844 Verbum

241 2877 277 2939 in
295 2875 371 2938 sinu
388 2872 560 2956 spirituale
579 2875 642 2950 sit;
666 2892 780 2937 annon
798 2873 832 2936 id
855 2872 930 2956 plus
948 2893 1049 2956 quarn
1069 2873 1244 2938 materiale
1263 2875 1360 2949 soret,

242 2971 271 3033 si
287 2968 348 3032 illa
365 2967 550 3031 secundum
566 2965 710 3030 Sensum
727 2967 855 3042 literae,
873 2978 908 3031 et
928 2987 997 3030 non
1015 2967 1201 3031 secundum
1217 2967 1361 3034 Sensum

242 3061 463 3147 spiritualem,
487 3060 767 3144 intelligerentur.
812 3060 942 3124 Similia
968 3060 1033 3125 illis
1055 3072 1136 3126 sunt
1164 3063 1249 3127 haec
1272 3064 1362 3147 apud

241 3156 470 3242 Ezechielem:

292 3307 312 3331 ⁴⁸
319 3304 362 3355 Sit
369 3304 435 3354 dixit
444 3303 576 3353 Dominus
583 3302 706 3367 Jehovih,
715 3301 764 3352 Die
771 3303 816 3352 avi
823 3303 912 3352 omnis
919 3303 985 3362 alae,
994 3303 1101 3353 etornni
1109 3305 1281 3367 bestiaeagrl,
1290 3303 1363 3355 Con-

373 3368 522 3484 §effamini
538 3378 566 3419 et
582 3370 689 3426 venite:
712 3377 874 3432 congregate
886 3383 969 3419 vor-a
985 3369 1096 3418 circuitu
1113 3383 1194 3432 super
1205 3369 1361 3420 sacrificiunt

408 3450 469 3484 eum
482 3449 609 3497 magnum
627 3449 708 3497 super
725 3434 861 3485 montibus
875 3434 990 3494 Israelis,
1005 3446 1034 3485 ut
1051 3435 1198 3486 comedatis
1210 3450 1317 3486 carnem
1335 3447 1363 3486 et

374 3499 471 3549 bibatis
483 3501 659 3562 sanguinem:
676 3514 784 3548 carnem
794 3498 903 3549 lortium
913 3501 1067 3559 comedetis,
1079 3510 1105 3550 et
1118 3501 1277 3562 sanguinem
1290 3503 1363 3564 prin-

375 3567 462 3628 cipum
481 3574 567 3615 terrae
584 3566 689 3622 bsssetis,
703 3565 850 3614 comedetis
868 3565 973 3628 adipem
991 3567 1025 3614 ad
1043 3566 1202 3624 satietatem.
1222 3575 1249 3615 et
1266 3567 1362 3618 bibetis

374 3632 533 3692 sanguinem
550 3645 633 3694 usque
650 3631 684 3680 ad
701 3631 857 3680 ebrietatem
875 3631 908 3680 de
925 3631 1054 3680 merificio
1073 3631 1136 3681 Meo
1154 3631 1225 3694 quod
1242 3631 1362 3682 sacrifico

373 3697 467 3751 vobis:
485 3696 646 3745 satiabimini
664 3711 745 3759 super
756 3711 851 3746 mensa
864 3695 926 3744 Mea
944 3695 1018 3759 Equo
1029 3706 1056 3745 et
1074 3695 1161 3746 Curru
1172 3707 1199 3745 et
1211 3695 1285 3746 omni
1296 3695 1362 3747 Viro

373 3761 451 3812 belli:
469 3762 508 3810 sic
519 3762 590 3811 dabo
600 3761 714 3824 gloriam
727 3760 817 3811 Meam
830 3763 900 3810 inter
910 3771 1005 3824 gentes
1013 3761 1028 3781 ”
1039 3757 1156 3824 (xxxixffl
1169 3762 1274 3824 17-21);

243 3933 302 3996 per
321 3909 511 3975 “carnem”
529 3910 582 3974 hic
601 3909 756 3974 similiter
773 3909 981 3993 significatur
998 3911 1125 3975 bonum
1144 3908 1321 3975 Ecclesiae
1342 3931 1362 3974 a

244 4007 394 4071 Domino
416 4026 475 4088 per
498 4003 660 4080 Verbum,
684 4016 720 4070 et
743 4027 803 4088 per
827 4005 1077 4086 “sanguinem''
1099 4025 1215 4068 verum
1237 4005 1360 4070 Eccle-

243 4102 331 4164 siae:
355 4101 428 4182 quis
441 4119 508 4162 non
521 4100 614 4163 videt
627 4100 717 4182 quod
733 4120 801 4163 non
817 4100 954 4181 sanguis
967 4100 1103 4164 daretur
1118 4099 1162 4163 ad
1177 4099 1360 4164 bibendum

244 4215 348 4278 usque
363 4194 407 4257 ad
422 4195 635 4268 ebrietatem,
649 4205 684 4258 et
697 4195 786 4276 quod
805 4192 903 4276 [non]
914 4195 1120 4263 ¹satiarentur
1132 4214 1231 4276 super
1243 4212 1361 4258 mensa

244 4288 383 4352 Domini
399 4287 543 4369 Jehovih
558 4309 656 4370 equo,
673 4307 780 4361 curru,
797 4289 875 4352 lorti
891 4299 926 4352 et
943 4290 1034 4352 omni
1053 4289 1125 4351 viro
1140 4288 1229 4352 belli.
1275 4286 1360 4352 Cum

243 4382 357 4465 itaque
378 4402 438 4464 per
457 4382 645 4446 “carnem”
663 4381 871 4464 significatur
891 4383 1017 4447 bonum
1036 4381 1223 4456 Ecclesiae,
1242 4390 1279 4446 et
1302 4403 1362 4464 per

245 4475 496 4559 “sanguinem'’
518 4495 634 4540 verum
657 4476 843 4552 Ecclesiae,
869 4488 965 4559 patet
988 4477 1165 4540 manifeste
1188 4476 1279 4560 quod
1302 4496 1361 4558 per

246 4569 421 4634 “Carnem
431 4579 467 4634 et
483 4568 689 4651 Sanguinem
698 4571 712 4594 ‘’
725 4570 874 4646 Domini,
888 4573 921 4634 in
937 4570 1041 4634 Sacra
1053 4568 1178 4646 Caena,
1192 4569 1359 4652 significe-

244 4673 299 4729 tur
313 4664 473 4729 Divinum
491 4663 624 4728 Bonum
642 4673 678 4728 et
697 4664 857 4728 Divinum
875 4664 1002 4728 Verum
1021 4685 1041 4728 a
1059 4663 1228 4744 Domin0;
1252 4663 1359 4728 simile
