3384 5400
343 628 407 712 ⁶34
664 643 910 696 aeocrtvrsrs
932 645 1143 696 neumare.

261 871 265 874 .
343 815 407 878 hoc
427 815 603 878 videantur
619 813 713 898 plura
731 815 764 877 in
782 813 955 895 Sapientia
969 815 1131 898 Angelica
1149 815 1189 880 de
1201 815 1329 882 Divina
1338 817 1464 902 Protei·¹

342 908 454 974 dentia
468 907 513 992 (n.
526 925 543 972 2
548 909 612 991 57).
643 907 760 972 Videri
772 919 899 990 potest,
912 911 998 974 sicut
1005 930 1065 994 per
1074 910 1240 976 “Montes
1252 923 1396 996 septem,
1407 914 1460 976 ubi

343 1004 464 1068 Mulier
486 1003 612 1076 sedet,''
635 1003 845 1086 intelligatur
869 1003 991 1080 Roma,
1015 1006 1092 1087 quia
1121 1005 1178 1069 illa
1207 1027 1306 1090 super
1329 1019 1458 1092 septem

312 1113 316 1122 ·
342 1099 513 1162 montibus
531 1109 584 1162 est
603 1097 830 1189 aedificatae
849 1099 967 1179 quibus
986 1100 1088 1162 etiam
1108 1119 1232 1164 nomen
1250 1097 1379 1188 haben
1400 1101 1463 1183 sed

341 1193 385 1256 sit
409 1193 498 1275 quod
522 1191 633 1256 Roma
656 1192 877 1272 intelligatur,
905 1194 1063 1274 quoniam
1093 1184 1145 1257 ibi'
1170 1205 1224 1258 est
1247 1195 1404 1260 Thronus
1424 1206 1459 1260 et

342 1285 504 1350 Tribunal
516 1286 603 1350 illius
615 1286 790 1367 Religiosi,
803 1307 908 1370 usque
920 1297 1035 1352 tamen
1053 1307 1115 1371 per
1127 1287 1296 1355 “Montes
1306 1302 1437 1374 septem
1444 1289 1459 1314 ”

342 1381 395 1444 hic
411 1379 643 1462 significantur
659 1381 782 1444 Divina
797 1380 894 1444 Bona
909 1379 1015 1445 Verbi
1033 1393 1068 1445 et
1084 1383 1162 1446 inde
1181 1381 1368 1459 Ecclesiae,
1385 1406 1458 1466 pro·

342 1476 512 1556 phanata;
548 1494 626 1538 nam
646 1495 803 1538 numerus
821 1484 954 1557 septem
973 1495 1041 1538 non
1064 1475 1154 1540 aliud
1177 1497 1279 1560 quam
1295 1475 1458 1553 sanetum,

342 1570 395 1632 hic
411 1569 501 1653 quod
514 1566 762 1651 prophanatum
778 1580 842 1646 est,
853 1569 979 1651 adjicit,
991 1569 1078 1635 sicut
1091 1571 1181 1634 idem
1193 1591 1351 1636 numerus
1362 1572 1458 1651 alibi;

235 1742 237 1746 ι
343 1673 379 1726 ut
396 1664 485 1746 quod
504 1665 660 1728 dicantur

391 1843 498 1906 Septem
512 1843 624 1905 spiritus
642 1856 732 1892 ⁰⁰¹²¹¹¹
749 1841 861 1892 Thr⁰⁰⁰
874 1841 923 1898 Dei
935 1840 1054 1958 (Affinis
1066 1843 1194 1959 ligurini!
1204 1906 1286 1974 (m
1306 1910 1315 1960 l
1337 1921 1385 1973 ¹³⁶
1401 1923 1448 1973 ⁰²⁹

392 1909 499 1971 Septem
512 1906 687 1966 Candelabra,
702 1907 729 1956 in
745 1897 858 1971 duorum
870 1908 960 1956 medio

473 1975 499 2022 ii.
515 1975 554 2034 r);

391 2039 499 2102 Septem
511 2039 604 2088 stellae
615 2039 701 2102 (Apoc.
717 2039 743 2088 ii.
756 2051 767 2087 1
778 2053 784 2095 ;
802 2053 859 2101 cap.
872 2038 907 2088 iil.
921 2041 950 2098 1)
961 2053 967 2097 ;

391 2105 499 2167 Septem
512 2104 650 2167 lampades
663 2103 732 2166 ignis
744 2119 834 2152 coram
847 2103 959 2153 Throuo
970 2103 1057 2169 (Apoc.
1072 2105 1106 2155 iv.
1123 2105 1163 2166 5);

392 2171 500 2234 Septem
512 2169 608 2232 sigilla,
622 2169 718 2233 quibus
732 2169 810 2219 Liber
821 2171 980 2232 obsignatus
990 2180 1033 2220 eat
1043 2170 1077 2232 (A
1124 2207 1130 2221 .
1144 2171 1224 2234 v.1);

391 2236 499 2298 Septem
511 2250 611 2284 cornua
622 2243 763 2296 et‘septem
776 2235 846 2286 oculi
858 2235 931 2299 Agrii
939 2236 1025 2300 (Apoc.
1037 2233 1070 2287 vl¹
1088 2236 1131 2298 6);

392 2301 498 2363 Septem
512 2301 609 2364 Angeli
621 2315 681 2349 curn
694 2310 798 2363 septem
811 2301 881 2350 tubis
892 2301 979 2366 (Apoc.
993 2301 1048 2352 viii.
1060 2300 1102 2362 2);
1156 2300 1159 2305 ⁴

391 2367 499 2428 Septem
512 2367 630 2416 tonitrua
641 2365 728 2430 (Apoc.
742 2381 768 2415 x.
781 2378 804 2426 3,
815 2367 858 2426 el:

391 2433 499 2495 Septem
511 2431 609 2495 Angeli
621 2433 751 2482 babentes
763 2441 866 2495 septem
878 2432 972 2496 plagas
983 2435 1011 2482 in
1023 2432 1120 2496 phialis
1130 2432 1218 2499 (Apu.
1231 2449 1276 2486 xv.
1292 2447 1314 2494 ι.
1324 2435 1349 2495 6,
1364 2435 1398 2498 7).

342 2603 502 2667 Similiter
515 2604 568 2668 hic
582 2603 672 2686 quod
686 2603 802 2667 Bestia
814 2603 972 2667 coccinea
984 2604 1125 2667 haberet
1139 2609 1300 2686 “septem
1312 2599 1458 2689 Capita,”

342 2709 376 2763 et
393 2697 483 2782 quod
502 2704 662 2781 “septem
679 2697 801 2779 Capita
816 2708 931 2763 essent
947 2709 1080 2783 septem
1097 2697 1263 2775 Montes,”
1278 2709 1314 2763 et
1329 2716 1456 2785 quoque

341 2803 457 2857 essent
477 2796 637 2875 “septem
657 2791 800 2875 Reges.”

266 2963 269 2976 .
400 2888 498 2972 73⁸·
526 2886 690 2972 ‘Quinque
700 2886 888 2961 oeciderunt,
898 2894 1086 2963 uterimei,
1096 2890 1356 2954 ardumum
1366 2889 1458 2961 nonin

342 2980 507 3061 siquando
523 2978 647 3050 nnerr't,
669 2977 756 3041 trevi
772 2978 857 3040 illum
878 2984 999 3059 operiet
1014 2980 1180 3051 munem*
1192 2980 1361 3063 significat
1377 2977 1463 3063 qued

341 3070 451 3134 ornnia
465 3070 592 3135 Divina
615 3069 648 3133 V
643 3092 702 3134 era
726 3068 826 3133 Verbi
840 3071 1010 3135 destrutta
1027 3072 1105 3145 εἰπέ,
1121 3081 1259 3153 praeter
1276 3094 1376 3139 unum
1393 3075 1456 3146 hoc,

341 3166 431 3248 quod
442 3165 581 3229 Domino
600 3164 682 3228 data
700 3165 746 3228 sit
763 3166 870 3229 omnis
883 3175 1035 3246 potestas
1053 3166 1089 3229 in
1110 3166 1140 3231 C
1139 3165 1210 3230 uelo
1225 3177 1258 3231 et
1274 3167 1309 3231 in
1334 3168 1458 3241 Terras

340 3271 372 3324 et
389 3269 526 3342 praeter
548 3260 699 3334 alterum,
724 3261 813 3342 quod
831 3261 973 3323 nondum
1003 3261 1038 3323 in
1069 3260 1289 3343 quaestionem
1310 3264 1408 3339 venit,
1430 3270 1459 3325 et

341 3376 413 3419 cum
431 3356 531 3428 venit,
551 3374 613 3418 non
631 3365 892 3435 permansurum
908 3364 968 3431 est,
988 3356 1078 3437 quod
1095 3366 1146 3419 est
1166 3356 1257 3439 quod
1269 3356 1457 3421 Humanum

340 3449 480 3512 Domini
488 3450 534 3513 sit
544 3448 821 3513 Ominum-Per
835 3454 854 3481 ‘⁸
863 3450 1008 3532 quinque
1016 3450 1032 3473 ”
1043 3470 1112 3513 non
1124 3449 1355 3533 significantur
1365 3455 1457 3535 quin·

340 3564 415 3626 que,
428 3544 487 3607 sed
500 3544 612 3606 omnia
625 3543 762 3626 reliqua,
774 3544 826 3607 lric
840 3544 953 3607 omnia
967 3542 1094 3627 reliqua
1107 3544 1230 3608 Divina
1239 3542 1332 3609 Ver'a
1345 3545 1456 3619 Verbi,

341 3658 426 3720 quae
455 3658 513 3719 per
537 3636 705 3719 “Reges’'
729 3636 981 3720 significantur;
1021 3659 1099 3701 nam
1122 3640 1249 3703 numeri
1273 3642 1305 3703 in
1328 3639 1457 3723 Apoca-

341 3732 438 3815 lypsi,
459 3742 493 3795 et
517 3733 549 3793 in
573 3751 698 3815 genere
722 3734 753 3796 in
774 3732 901 3807 Verbo,
921 3731 1111 3814 significant
1131 3732 1229 3816 quale
1252 3755 1362 3799 rerum
1385 3754 1457 3799 cum

340 3828 459 3910 quibus
478 3826 698 3908 copulantur;
728 3838 805 3891 sunt
829 3830 915 3891 sicut
935 3828 1100 3910 quaedam
1119 3825 1285 3909 adjeitiva
1302 3830 1458 3913 copulata

340 3922 571 3995 substantivis,
588 3931 646 3984 aut
662 3924 748 3986 sicut
765 3923 931 4006 quaedam
948 3923 1142 4004 praedicata
1157 3922 1314 4003 adiuueta
1329 3923 1457 4007 subjec-

340 4017 394 4091 tis,
412 4025 447 4080 ut
466 4016 570 4079 videri
586 4026 701 4099 potest
717 4038 761 4080 ex
779 4019 934 4091 numeris,
948 4017 1025 4091 duo,
1040 4018 1113 4092 tria,
1127 4027 1281 4099 quatuor,
1293 4040 1366 4093 sex,
1382 4040 1457 4103 sep·

340 4120 422 4186 tem,
446 4111 575 4183 dec'em,
600 4110 789 4186 duodecim,
817 4121 955 4175 centum
986 4111 1211 4194 quadraginta
1239 4123 1393 4195 quatuor,
1416 4114 1457 4177 de

339 4206 458 4288 quibus
477 4225 595 4287 supra;
619 4205 672 4269 hic
692 4206 806 4289 itaque
826 4212 845 4238 “
857 4209 1002 4289 quinque
1013 4206 1028 4230 '’
1043 4204 1235 4288 significant
1251 4207 1365 4270 omnia
1382 4208 1456 4272 reli·

339 4322 414 4383 qua,
435 4300 511 4384 quia
531 4306 549 4331 “
561 4310 691 4383 septem
701 4300 716 4323 ”
734 4302 848 4363 omnia
866 4300 983 4364 saneta
1002 4299 1118 4375 Verbi,
1138 4311 1174 4364 et
1197 4302 1346 4383 sequitur
1368 4302 1457 4384 quod

341 4404 453 4459 “unus
472 4394 544 4470 sit,''
562 4406 596 4459 et
616 4396 705 4479 quod
727 4394 842 4460 “alter
861 4396 1021 4459 venturus
1040 4395 1112 4471 sit,''
1131 4397 1179 4459 ita
1196 4396 1287 4479 quod
1305 4396 1373 4459 duo
1390 4396 1456 4459 sint

339 4512 383 4553 ex
400 4490 554 4554 omnibus
567 4511 652 4573 quae
665 4500 898 4555 remanserunt
911 4513 918 4568 ;
942 4491 1020 4554 inde
1033 4500 1140 4573 patet,
1154 4491 1243 4574 quod
1256 4511 1316 4573 per
1332 4494 1351 4522 ¹‘
1362 4492 1456 4573 quin·

338 4606 403 4669 que
423 4584 645 4673 ceciderpnt,”
661 4584 869 4668 significetur
891 4586 981 4670 quod
1004 4587 1118 4648 omnia
1140 4584 1266 4669 reliqua
1285 4581 1467 4668 destruite⁴
