<?xml version="1.0" encoding="UTF-8"?>
<!DOCTYPE html PUBLIC "-//W3C//DTD XHTML 1.0 Transitional//EN"
    "http://www.w3.org/TR/xhtml1/DTD/xhtml1-transitional.dtd">
<html xmlns="http://www.w3.org/1999/xhtml" xml:lang="en" lang="en">
 <head>
  <title>
</title>
<meta http-equiv="Content-Type" content="text/html;charset=utf-8" />
  <meta name='ocr-system' content='tesseract 3.04.00' />
  <meta name='ocr-capabilities' content='ocr_page ocr_carea ocr_par ocr_line ocrx_word'/>
</head>
<body>
  <div class='ocr_page' id='page_1' title='image "./apocalypsisreve00swedgoog_0232.png"; bbox 0 0 3384 5400; ppageno 0'>
   <div class='ocr_carea' id='block_1_1' title="bbox 391 688 454 756">
    <p class='ocr_par' dir='ltr' id='par_1_1' title="bbox 391 688 454 756">
     <span class='ocr_line' id='line_1_1' title="bbox 391 688 454 756; baseline -0.016 0"><span class='ocrx_word' id='word_1_1' title='bbox 391 688 454 756; x_wconf 85' lang='lat'>74²</span> 
     </span>
    </p>
   </div>
   <div class='ocr_carea' id='block_1_2' title="bbox 390 854 1509 1412">
    <p class='ocr_par' dir='ltr' id='par_1_2' title="bbox 390 854 1509 1412">
     <span class='ocr_line' id='line_1_2' title="bbox 391 854 1508 927; baseline 0.001 -16"><span class='ocrx_word' id='word_1_2' title='bbox 391 856 507 927; x_wconf 85' lang='lat' dir='ltr'>phureo</span> <span class='ocrx_word' id='word_1_3' title='bbox 535 855 713 919; x_wconf 75' lang='lat' dir='ltr'>commixtis,</span> <span class='ocrx_word' id='word_1_4' title='bbox 738 854 768 910; x_wconf 88' lang='lat' dir='ltr'>in</span> <span class='ocrx_word' id='word_1_5' title='bbox 793 872 870 927; x_wconf 88' lang='lat' dir='ltr'>quae</span> <span class='ocrx_word' id='word_1_6' title='bbox 901 855 925 910; x_wconf 94' lang='lat' dir='ltr'>si</span> <span class='ocrx_word' id='word_1_7' title='bbox 977 855 1122 911; x_wconf 84' lang='lat' dir='ltr'>cessimus</span> <span class='ocrx_word' id='word_1_8' title='bbox 1134 858 1172 911; x_wconf 87' lang='lat' dir='ltr'>ad</span> <span class='ocrx_word' id='word_1_9' title='bbox 1189 855 1288 912; x_wconf 89' lang='lat' dir='ltr'>locum</span> <span class='ocrx_word' id='word_1_10' title='bbox 1304 856 1386 911; x_wconf 86' lang='lat' dir='ltr'>ilium</span> <span class='ocrx_word' id='word_1_11' title='bbox 1400 855 1508 913; x_wconf 69' lang='lat' dir='ltr'>dicium</span> 
     </span>
     <span class='ocr_line' id='line_1_3' title="bbox 392 936 1509 1008; baseline 0.002 -18"><span class='ocrx_word' id='word_1_12' title='bbox 392 937 565 991; x_wconf 87' lang='lat' dir='ltr'>immittitur</span> <span class='ocrx_word' id='word_1_13' title='bbox 581 937 714 1008; x_wconf 77' lang='lat' dir='ltr'>aquafit</span> <span class='ocrx_word' id='word_1_14' title='bbox 733 937 861 1008; x_wconf 88' lang='lat' dir='ltr'>primum</span> <span class='ocrx_word' id='word_1_15' title='bbox 882 936 925 989; x_wconf 92' lang='lat' dir='ltr'>in·</span> <span class='ocrx_word' id='word_1_16' title='bbox 978 936 1201 1007; x_wconf 81' lang='lat' dir='ltr'>Armageddon.</span> <span class='ocrx_word' id='word_1_17' title='bbox 1238 948 1269 992; x_wconf 92' lang='lat' dir='ltr'>et</span> <span class='ocrx_word' id='word_1_18' title='bbox 1305 939 1435 993; x_wconf 90' lang='lat' dir='ltr'>vidimus</span> <span class='ocrx_word' id='word_1_19' title='bbox 1472 940 1509 993; x_wconf 90' lang='lat' dir='ltr'>ibi</span> 
     </span>
     <span class='ocr_line' id='line_1_4' title="bbox 390 1017 1509 1089; baseline 0 -16"><span class='ocrx_word' id='word_1_20' title='bbox 390 1019 576 1081; x_wconf 84' lang='lat' dir='ltr'>calescentia,</span> <span class='ocrx_word' id='word_1_21' title='bbox 600 1029 631 1073; x_wconf 92' lang='lat' dir='ltr'>et</span> <span class='ocrx_word' id='word_1_22' title='bbox 662 1028 768 1088; x_wconf 87' lang='lat' dir='ltr'>postea</span> <span class='ocrx_word' id='word_1_23' title='bbox 796 1017 924 1079; x_wconf 80' lang='lat' dir='ltr'>flamma,</span> <span class='ocrx_word' id='word_1_24' title='bbox 976 1027 1175 1089; x_wconf 81' lang='lat' dir='ltr'>congregatos</span> <span class='ocrx_word' id='word_1_25' title='bbox 1203 1018 1240 1072; x_wconf 87' lang='lat' dir='ltr'>ad</span> <span class='ocrx_word' id='word_1_26' title='bbox 1268 1018 1385 1089; x_wconf 83' lang='lat' dir='ltr'>aliquot</span> <span class='ocrx_word' id='word_1_27' title='bbox 1412 1018 1509 1073; x_wconf 87' lang='lat' dir='ltr'>millia.</span> 
     </span>
     <span class='ocr_line' id='line_1_5' title="bbox 390 1096 1509 1169; baseline 0 -16"><span class='ocrx_word' id='word_1_28' title='bbox 390 1114 428 1153; x_wconf 87' lang='lat' dir='ltr'>ex</span> <span class='ocrx_word' id='word_1_29' title='bbox 440 1115 499 1169; x_wconf 92' lang='lat' dir='ltr'>qua</span> <span class='ocrx_word' id='word_1_30' title='bbox 518 1110 598 1154; x_wconf 88' lang='lat' dir='ltr'>utres</span> <span class='ocrx_word' id='word_1_31' title='bbox 618 1098 659 1153; x_wconf 88' lang='lat' dir='ltr'>illi</span> <span class='ocrx_word' id='word_1_32' title='bbox 677 1108 870 1169; x_wconf 85' lang='lat' dir='ltr'>rumpuntur:</span> <span class='ocrx_word' id='word_1_33' title='bbox 887 1096 924 1151; x_wconf 86' lang='lat' dir='ltr'>si·</span> <span class='ocrx_word' id='word_1_34' title='bbox 977 1096 1087 1151; x_wconf 91' lang='lat' dir='ltr'>Verum</span> <span class='ocrx_word' id='word_1_35' title='bbox 1098 1113 1157 1151; x_wconf 91' lang='lat' dir='ltr'>non</span> <span class='ocrx_word' id='word_1_36' title='bbox 1169 1098 1344 1154; x_wconf 81' lang='lat' dir='ltr'>intravimus</span> <span class='ocrx_word' id='word_1_37' title='bbox 1355 1100 1384 1153; x_wconf 94' lang='lat' dir='ltr'>in</span> <span class='ocrx_word' id='word_1_38' title='bbox 1395 1110 1509 1154; x_wconf 88' lang='lat' dir='ltr'>caetum</span> 
     </span>
     <span class='ocr_line' id='line_1_6' title="bbox 391 1177 1508 1249; baseline 0.002 -16"><span class='ocrx_word' id='word_1_39' title='bbox 391 1178 501 1233; x_wconf 83' lang='lat' dir='ltr'>militer</span> <span class='ocrx_word' id='word_1_40' title='bbox 518 1179 568 1241; x_wconf 83' lang='lat' dir='ltr'>iili,</span> <span class='ocrx_word' id='word_1_41' title='bbox 581 1195 649 1233; x_wconf 92' lang='lat' dir='ltr'>cum</span> <span class='ocrx_word' id='word_1_42' title='bbox 667 1179 795 1233; x_wconf 89' lang='lat' dir='ltr'>audiunt</span> <span class='ocrx_word' id='word_1_43' title='bbox 811 1177 924 1249; x_wconf 83' lang='lat' dir='ltr'>aliquid</span> <span class='ocrx_word' id='word_1_44' title='bbox 977 1177 1075 1240; x_wconf 87' lang='lat' dir='ltr'>illum;</span> <span class='ocrx_word' id='word_1_45' title='bbox 1094 1179 1145 1233; x_wconf 88' lang='lat' dir='ltr'>sed</span> <span class='ocrx_word' id='word_1_46' title='bbox 1159 1190 1244 1233; x_wconf 89' lang='lat' dir='ltr'>erant</span> <span class='ocrx_word' id='word_1_47' title='bbox 1257 1180 1345 1234; x_wconf 87' lang='lat' dir='ltr'>binae</span> <span class='ocrx_word' id='word_1_48' title='bbox 1355 1179 1462 1235; x_wconf 82' lang='lat' dir='ltr'>domus</span> <span class='ocrx_word' id='word_1_49' title='bbox 1474 1183 1508 1235; x_wconf 89' lang='lat' dir='ltr'>ad</span> 
     </span>
     <span class='ocr_line' id='line_1_7' title="bbox 390 1258 1508 1331; baseline 0.002 -18"><span class='ocrx_word' id='word_1_50' title='bbox 390 1260 429 1314; x_wconf 88' lang='lat' dir='ltr'>de</span> <span class='ocrx_word' id='word_1_51' title='bbox 441 1276 519 1331; x_wconf 89' lang='lat' dir='ltr'>aqua</span> <span class='ocrx_word' id='word_1_52' title='bbox 525 1260 603 1322; x_wconf 80' lang='lat' dir='ltr'>viva,</span> <span class='ocrx_word' id='word_1_53' title='bbox 613 1274 691 1331; x_wconf 90' lang='lat' dir='ltr'>quae</span> <span class='ocrx_word' id='word_1_54' title='bbox 702 1270 749 1315; x_wconf 75' lang='lat' dir='ltr'>est</span> <span class='ocrx_word' id='word_1_55' title='bbox 760 1258 923 1330; x_wconf 77' lang='lat' dir='ltr'>genuinum</span> <span class='ocrx_word' id='word_1_56' title='bbox 977 1259 1054 1313; x_wconf 86' lang='lat' dir='ltr'>latus</span> <span class='ocrx_word' id='word_1_57' title='bbox 1068 1259 1261 1315; x_wconf 75' lang='lat' dir='ltr'>meridionaIe</span> <span class='ocrx_word' id='word_1_58' title='bbox 1280 1260 1366 1315; x_wconf 86' lang='lat' dir='ltr'>istius</span> <span class='ocrx_word' id='word_1_59' title='bbox 1382 1260 1448 1323; x_wconf 79' lang='lat' dir='ltr'>loci,</span> <span class='ocrx_word' id='word_1_60' title='bbox 1462 1263 1508 1316; x_wconf 89' lang='lat' dir='ltr'>ubi</span> 
     </span>
     <span class='ocr_line' id='line_1_8' title="bbox 390 1340 1509 1412; baseline -0.001 -16"><span class='ocrx_word' id='word_1_61' title='bbox 390 1357 493 1396; x_wconf 87' lang='lat' dir='ltr'>verum</span> <span class='ocrx_word' id='word_1_62' title='bbox 514 1340 612 1403; x_wconf 88' lang='lat' dir='ltr'>Verbi,</span> <span class='ocrx_word' id='word_1_63' title='bbox 632 1350 664 1395; x_wconf 87' lang='lat' dir='ltr'>et</span> <span class='ocrx_word' id='word_1_64' title='bbox 683 1340 742 1395; x_wconf 88' lang='lat' dir='ltr'>boc</span> <span class='ocrx_word' id='word_1_65' title='bbox 762 1340 853 1395; x_wconf 77' lang='lat' dir='ltr'>intrat</span> <span class='ocrx_word' id='word_1_66' title='bbox 873 1356 925 1411; x_wconf 88' lang='lat' dir='ltr'>per</span> <span class='ocrx_word' id='word_1_67' title='bbox 977 1349 1061 1393; x_wconf 88' lang='lat' dir='ltr'>erant</span> <span class='ocrx_word' id='word_1_68' title='bbox 1079 1340 1162 1410; x_wconf 90' lang='lat' dir='ltr'>pueri</span> <span class='ocrx_word' id='word_1_69' title='bbox 1179 1356 1247 1395; x_wconf 89' lang='lat' dir='ltr'>curn</span> <span class='ocrx_word' id='word_1_70' title='bbox 1262 1341 1425 1412; x_wconf 74' lang='lat' dir='ltr'>magistris:</span> <span class='ocrx_word' id='word_1_71' title='bbox 1444 1343 1509 1395; x_wconf 88' lang='lat' dir='ltr'>iiiuc</span> 
     </span>
    </p>
   </div>
   <div class='ocr_carea' id='block_1_3' title="bbox 713 684 1198 763">
    <p class='ocr_par' dir='ltr' id='par_1_3' title="bbox 713 684 1198 763">
     <span class='ocr_line' id='line_1_9' title="bbox 713 684 1198 763; baseline -0.004 -26"><span class='ocrx_word' id='word_1_72' title='bbox 713 684 962 763; x_wconf 74' lang='lat' dir='ltr'>arocanvrsrs</span> <span class='ocrx_word' id='word_1_73' title='bbox 985 685 1198 736; x_wconf 75' lang='lat' dir='ltr'>navasnrn.</span> 
     </span>
    </p>
   </div>
   <div class='ocr_carea' id='block_1_4' title="bbox 313 1418 1509 1493">
    <p class='ocr_par' dir='ltr' id='par_1_4' title="bbox 313 1418 1509 1493">
     <span class='ocr_line' id='line_1_10' title="bbox 313 1418 1509 1493; baseline 0.002 -18"><span class='ocrx_word' id='word_1_74' title='bbox 313 1448 316 1453; x_wconf 96' lang='lat'>·</span> <span class='ocrx_word' id='word_1_75' title='bbox 390 1438 484 1483; x_wconf 86' lang='lat' dir='ltr'>aures.</span> <span class='ocrx_word' id='word_1_76' title='bbox 497 1421 691 1476; x_wconf 87' lang='lat' dir='ltr'>vehementer</span> <span class='ocrx_word' id='word_1_77' title='bbox 704 1421 925 1477; x_wconf 86' lang='lat' dir='ltr'>excandescunt</span> <span class='ocrx_word' id='word_1_78' title='bbox 978 1418 1166 1481; x_wconf 79' lang='lat' dir='ltr'>intravimus:</span> <span class='ocrx_word' id='word_1_79' title='bbox 1188 1420 1238 1490; x_wconf 90' lang='lat' dir='ltr'>qui</span> <span class='ocrx_word' id='word_1_80' title='bbox 1259 1437 1314 1476; x_wconf 84' lang='lat' dir='ltr'>nos</span> <span class='ocrx_word' id='word_1_81' title='bbox 1332 1435 1509 1493; x_wconf 86' lang='lat' dir='ltr'>exceperunt</span> 
     </span>
    </p>
   </div>
   <div class='ocr_carea' id='block_1_5' title="bbox 389 1499 1508 2299">
    <p class='ocr_par' dir='ltr' id='par_1_5' title="bbox 389 1499 1508 2299">
     <span class='ocr_line' id='line_1_11' title="bbox 389 1499 1508 1571; baseline 0.001 -15"><span class='ocrx_word' id='word_1_82' title='bbox 389 1512 421 1556; x_wconf 90' lang='lat' dir='ltr'>et</span> <span class='ocrx_word' id='word_1_83' title='bbox 440 1502 668 1563; x_wconf 83' lang='lat' dir='ltr'>inflammantur.</span> <span class='ocrx_word' id='word_1_84' title='bbox 688 1512 719 1557; x_wconf 87' lang='lat' dir='ltr'>et</span> <span class='ocrx_word' id='word_1_85' title='bbox 738 1501 767 1555; x_wconf 91' lang='lat' dir='ltr'>id</span> <span class='ocrx_word' id='word_1_86' title='bbox 788 1502 925 1571; x_wconf 86' lang='lat' dir='ltr'>rejiciunt</span> <span class='ocrx_word' id='word_1_87' title='bbox 977 1500 1112 1571; x_wconf 84' lang='lat' dir='ltr'>benigne.</span> <span class='ocrx_word' id='word_1_88' title='bbox 1160 1499 1388 1557; x_wconf 74' lang='lat' dir='ltr'>Delet&#39;iabamur</span> <span class='ocrx_word' id='word_1_89' title='bbox 1405 1519 1424 1557; x_wconf 89' lang='lat' dir='ltr'>a</span> <span class='ocrx_word' id='word_1_90' title='bbox 1441 1519 1508 1558; x_wconf 91' lang='lat' dir='ltr'>con·</span> 
     </span>
     <span class='ocr_line' id='line_1_12' title="bbox 390 1580 1508 1653; baseline 0.001 -16"><span class='ocrx_word' id='word_1_91' title='bbox 390 1583 467 1638; x_wconf 89' lang='lat' dir='ltr'>sicut</span> <span class='ocrx_word' id='word_1_92' title='bbox 485 1584 545 1637; x_wconf 87' lang='lat' dir='ltr'>tale</span> <span class='ocrx_word' id='word_1_93' title='bbox 557 1583 639 1653; x_wconf 90' lang='lat' dir='ltr'>quod</span> <span class='ocrx_word' id='word_1_94' title='bbox 659 1592 810 1653; x_wconf 84' lang='lat' dir='ltr'>rumperet</span> <span class='ocrx_word' id='word_1_95' title='bbox 827 1581 926 1652; x_wconf 86' lang='lat' dir='ltr'>capita</span> <span class='ocrx_word' id='word_1_96' title='bbox 977 1580 1071 1635; x_wconf 85' lang='lat' dir='ltr'>sortio</span> <span class='ocrx_word' id='word_1_97' title='bbox 1103 1580 1229 1637; x_wconf 89' lang='lat' dir='ltr'>illorum.</span> <span class='ocrx_word' id='word_1_98' title='bbox 1284 1582 1376 1637; x_wconf 84' lang='lat' dir='ltr'>Erant</span> <span class='ocrx_word' id='word_1_99' title='bbox 1406 1599 1508 1639; x_wconf 89' lang='lat' dir='ltr'>omnes</span> 
     </span>
     <span class='ocr_line' id='line_1_13' title="bbox 390 1660 1506 1733; baseline 0.002 -16"><span class='ocrx_word' id='word_1_100' title='bbox 390 1663 518 1718; x_wconf 87' lang='lat' dir='ltr'>illorum.</span> <span class='ocrx_word' id='word_1_101' title='bbox 564 1664 605 1718; x_wconf 84' lang='lat' dir='ltr'>Hi</span> <span class='ocrx_word' id='word_1_102' title='bbox 627 1673 706 1725; x_wconf 89' lang='lat' dir='ltr'>sunt,</span> <span class='ocrx_word' id='word_1_103' title='bbox 725 1662 776 1733; x_wconf 90' lang='lat' dir='ltr'>qui</span> <span class='ocrx_word' id='word_1_104' title='bbox 797 1662 851 1717; x_wconf 88' lang='lat' dir='ltr'>tibi</span> <span class='ocrx_word' id='word_1_105' title='bbox 873 1679 925 1733; x_wconf 90' lang='lat' dir='ltr'>ap·</span> <span class='ocrx_word' id='word_1_106' title='bbox 976 1661 1076 1731; x_wconf 88' lang='lat' dir='ltr'>quoad</span> <span class='ocrx_word' id='word_1_107' title='bbox 1096 1660 1201 1717; x_wconf 88' lang='lat' dir='ltr'>iaciem</span> <span class='ocrx_word' id='word_1_108' title='bbox 1216 1662 1343 1733; x_wconf 81' lang='lat' dir='ltr'>speciosi</span> <span class='ocrx_word' id='word_1_109' title='bbox 1357 1679 1394 1718; x_wconf 88' lang='lat' dir='ltr'>ex</span> <span class='ocrx_word' id='word_1_110' title='bbox 1407 1664 1468 1719; x_wconf 88' lang='lat' dir='ltr'>vita</span> <span class='ocrx_word' id='word_1_111' title='bbox 1480 1666 1506 1719; x_wconf 92' lang='lat' dir='ltr'>in</span> 
     </span>
     <span class='ocr_line' id='line_1_14' title="bbox 390 1742 1507 1813; baseline 0.002 -15"><span class='ocrx_word' id='word_1_112' title='bbox 390 1754 551 1813; x_wconf 87' lang='lat' dir='ltr'>paruerunt</span> <span class='ocrx_word' id='word_1_113' title='bbox 570 1744 648 1799; x_wconf 90' lang='lat' dir='ltr'>sicut</span> <span class='ocrx_word' id='word_1_114' title='bbox 667 1744 769 1799; x_wconf 82' lang='lat' dir='ltr'>simiae</span> <span class='ocrx_word' id='word_1_115' title='bbox 789 1742 925 1812; x_wconf 85' lang='lat' dir='ltr'>equitan·</span> <span class='ocrx_word' id='word_1_116' title='bbox 977 1743 1079 1804; x_wconf 87' lang='lat' dir='ltr'>oculis,</span> <span class='ocrx_word' id='word_1_117' title='bbox 1102 1754 1133 1797; x_wconf 88' lang='lat' dir='ltr'>et</span> <span class='ocrx_word' id='word_1_118' title='bbox 1157 1759 1194 1797; x_wconf 87' lang='lat' dir='ltr'>ex</span> <span class='ocrx_word' id='word_1_119' title='bbox 1215 1743 1279 1798; x_wconf 84' lang='lat' dir='ltr'>zelo</span> <span class='ocrx_word' id='word_1_120' title='bbox 1305 1744 1335 1798; x_wconf 89' lang='lat' dir='ltr'>in</span> <span class='ocrx_word' id='word_1_121' title='bbox 1359 1760 1507 1807; x_wconf 76' lang='lat' dir='ltr'>sermone:</span> 
     </span>
     <span class='ocr_line' id='line_1_15' title="bbox 389 1822 1507 1897; baseline 0.002 -18"><span class='ocrx_word' id='word_1_122' title='bbox 389 1835 437 1879; x_wconf 90' lang='lat' dir='ltr'>tes</span> <span class='ocrx_word' id='word_1_123' title='bbox 454 1824 572 1879; x_wconf 84' lang='lat' dir='ltr'>inverso</span> <span class='ocrx_word' id='word_1_124' title='bbox 590 1839 715 1895; x_wconf 91' lang='lat' dir='ltr'>corpore</span> <span class='ocrx_word' id='word_1_125' title='bbox 733 1840 823 1895; x_wconf 90' lang='lat' dir='ltr'>super</span> <span class='ocrx_word' id='word_1_126' title='bbox 840 1825 925 1895; x_wconf 87' lang='lat' dir='ltr'>equis</span> <span class='ocrx_word' id='word_1_127' title='bbox 977 1822 1039 1877; x_wconf 87' lang='lat' dir='ltr'>vita</span> <span class='ocrx_word' id='word_1_128' title='bbox 1052 1823 1081 1876; x_wconf 90' lang='lat' dir='ltr'>in</span> <span class='ocrx_word' id='word_1_129' title='bbox 1092 1823 1186 1879; x_wconf 90' lang='lat' dir='ltr'>oculis</span> <span class='ocrx_word' id='word_1_130' title='bbox 1197 1835 1260 1878; x_wconf 88' lang='lat' dir='ltr'>erat</span> <span class='ocrx_word' id='word_1_131' title='bbox 1271 1824 1328 1879; x_wconf 85' lang='lat' dir='ltr'>illis</span> <span class='ocrx_word' id='word_1_132' title='bbox 1340 1840 1377 1879; x_wconf 87' lang='lat' dir='ltr'>ex</span> <span class='ocrx_word' id='word_1_133' title='bbox 1391 1842 1507 1897; x_wconf 83' lang='lat' dir='ltr'>percep·</span> 
     </span>
     <span class='ocr_line' id='line_1_16' title="bbox 390 1903 1508 1975; baseline 0.002 -16"><span class='ocrx_word' id='word_1_134' title='bbox 390 1903 462 1959; x_wconf 83' lang='lat' dir='ltr'>rufis</span> <span class='ocrx_word' id='word_1_135' title='bbox 477 1914 507 1959; x_wconf 88' lang='lat' dir='ltr'>et</span> <span class='ocrx_word' id='word_1_136' title='bbox 523 1904 703 1975; x_wconf 81' lang='lat' dir='ltr'>nigris,cum</span> <span class='ocrx_word' id='word_1_137' title='bbox 718 1904 855 1975; x_wconf 87' lang='lat' dir='ltr'>capistris</span> <span class='ocrx_word' id='word_1_138' title='bbox 869 1905 925 1959; x_wconf 91' lang='lat' dir='ltr'>cir·</span> <span class='ocrx_word' id='word_1_139' title='bbox 977 1903 1060 1957; x_wconf 89' lang='lat' dir='ltr'>tione</span> <span class='ocrx_word' id='word_1_140' title='bbox 1079 1904 1150 1967; x_wconf 87' lang='lat' dir='ltr'>veri,</span> <span class='ocrx_word' id='word_1_141' title='bbox 1172 1914 1202 1959; x_wconf 86' lang='lat' dir='ltr'>et</span> <span class='ocrx_word' id='word_1_142' title='bbox 1222 1905 1303 1960; x_wconf 84' lang='lat' dir='ltr'>zelus</span> <span class='ocrx_word' id='word_1_143' title='bbox 1323 1905 1353 1959; x_wconf 89' lang='lat' dir='ltr'>in</span> <span class='ocrx_word' id='word_1_144' title='bbox 1374 1921 1508 1961; x_wconf 86' lang='lat' dir='ltr'>sermone</span> 
     </span>
     <span class='ocr_line' id='line_1_17' title="bbox 389 1982 1506 2057; baseline 0.002 -17"><span class='ocrx_word' id='word_1_145' title='bbox 389 2000 458 2040; x_wconf 90' lang='lat' dir='ltr'>curn</span> <span class='ocrx_word' id='word_1_146' title='bbox 470 1986 561 2048; x_wconf 89' lang='lat' dir='ltr'>colla;</span> <span class='ocrx_word' id='word_1_147' title='bbox 578 1984 720 2056; x_wconf 87' lang='lat' dir='ltr'>quoniam</span> <span class='ocrx_word' id='word_1_148' title='bbox 740 1986 781 2040; x_wconf 89' lang='lat' dir='ltr'>iili</span> <span class='ocrx_word' id='word_1_149' title='bbox 794 1985 846 2056; x_wconf 91' lang='lat' dir='ltr'>qui</span> <span class='ocrx_word' id='word_1_150' title='bbox 864 2001 924 2040; x_wconf 91' lang='lat' dir='ltr'>non</span> <span class='ocrx_word' id='word_1_151' title='bbox 977 2000 1014 2039; x_wconf 84' lang='lat' dir='ltr'>ex</span> <span class='ocrx_word' id='word_1_152' title='bbox 1027 1982 1185 2039; x_wconf 70' lang='lat' dir='ltr'>affectione</span> <span class='ocrx_word' id='word_1_153' title='bbox 1198 1983 1296 2047; x_wconf 69' lang='lat' dir='ltr'>verim:</span> <span class='ocrx_word' id='word_1_154' title='bbox 1316 2001 1408 2057; x_wconf 85' lang='lat' dir='ltr'>quare</span> <span class='ocrx_word' id='word_1_155' title='bbox 1420 1988 1506 2042; x_wconf 85' lang='lat' dir='ltr'>etiam</span> 
     </span>
     <span class='ocr_line' id='line_1_18' title="bbox 389 2063 1507 2138; baseline 0 -17"><span class='ocrx_word' id='word_1_156' title='bbox 389 2077 492 2121; x_wconf 87' lang='lat' dir='ltr'>amant</span> <span class='ocrx_word' id='word_1_157' title='bbox 510 2082 614 2121; x_wconf 90' lang='lat' dir='ltr'>verum</span> <span class='ocrx_word' id='word_1_158' title='bbox 636 2077 668 2122; x_wconf 90' lang='lat' dir='ltr'>et</span> <span class='ocrx_word' id='word_1_159' title='bbox 687 2066 799 2121; x_wconf 88' lang='lat' dir='ltr'>bonum</span> <span class='ocrx_word' id='word_1_160' title='bbox 824 2065 924 2121; x_wconf 82' lang='lat' dir='ltr'>Eccle-</span> <span class='ocrx_word' id='word_1_161' title='bbox 976 2080 993 2119; x_wconf 91' lang='lat' dir='ltr'>e</span> <span class='ocrx_word' id='word_1_162' title='bbox 1016 2063 1108 2120; x_wconf 90' lang='lat' dir='ltr'>Caelo</span> <span class='ocrx_word' id='word_1_163' title='bbox 1129 2065 1190 2119; x_wconf 84' lang='lat' dir='ltr'>dati</span> <span class='ocrx_word' id='word_1_164' title='bbox 1213 2064 1331 2121; x_wconf 78' lang='lat' dir='ltr'>fuerant</span> <span class='ocrx_word' id='word_1_165' title='bbox 1353 2066 1410 2121; x_wconf 88' lang='lat' dir='ltr'>iliis</span> <span class='ocrx_word' id='word_1_166' title='bbox 1433 2068 1507 2138; x_wconf 88' lang='lat' dir='ltr'>pilei.</span> 
     </span>
     <span class='ocr_line' id='line_1_19' title="bbox 389 2146 1507 2217; baseline 0.002 -16"><span class='ocrx_word' id='word_1_167' title='bbox 389 2147 451 2201; x_wconf 89' lang='lat' dir='ltr'>siae</span> <span class='ocrx_word' id='word_1_168' title='bbox 469 2162 506 2202; x_wconf 84' lang='lat' dir='ltr'>ex</span> <span class='ocrx_word' id='word_1_169' title='bbox 519 2146 627 2208; x_wconf 87' lang='lat' dir='ltr'>Verbo,</span> <span class='ocrx_word' id='word_1_170' title='bbox 641 2162 702 2201; x_wconf 91' lang='lat' dir='ltr'>non</span> <span class='ocrx_word' id='word_1_171' title='bbox 717 2148 823 2201; x_wconf 92' lang='lat' dir='ltr'>volunt</span> <span class='ocrx_word' id='word_1_172' title='bbox 840 2162 924 2217; x_wconf 88' lang='lat' dir='ltr'>spec-</span> <span class='ocrx_word' id='word_1_173' title='bbox 976 2160 1103 2216; x_wconf 89' lang='lat' dir='ltr'>quorum</span> <span class='ocrx_word' id='word_1_174' title='bbox 1123 2146 1231 2201; x_wconf 86' lang='lat' dir='ltr'>limbos</span> <span class='ocrx_word' id='word_1_175' title='bbox 1243 2148 1390 2201; x_wconf 86' lang='lat' dir='ltr'>ornabant</span> <span class='ocrx_word' id='word_1_176' title='bbox 1402 2146 1507 2203; x_wconf 76' lang='lat' dir='ltr'>fasciae</span> 
     </span>
     <span class='ocr_line' id='line_1_20' title="bbox 390 2225 1507 2299; baseline 0 -18"><span class='ocrx_word' id='word_1_177' title='bbox 390 2236 453 2281; x_wconf 86' lang='lat' dir='ltr'>tare</span> <span class='ocrx_word' id='word_1_178' title='bbox 465 2228 614 2282; x_wconf 83' lang='lat' dir='ltr'>anteriora</span> <span class='ocrx_word' id='word_1_179' title='bbox 631 2227 757 2297; x_wconf 85' lang='lat' dir='ltr'>alicujus</span> <span class='ocrx_word' id='word_1_180' title='bbox 774 2227 853 2297; x_wconf 90' lang='lat' dir='ltr'>equi,</span> <span class='ocrx_word' id='word_1_181' title='bbox 871 2227 922 2281; x_wconf 86' lang='lat' dir='ltr'>sed</span> <span class='ocrx_word' id='word_1_182' title='bbox 977 2242 1014 2281; x_wconf 85' lang='lat' dir='ltr'>ex</span> <span class='ocrx_word' id='word_1_183' title='bbox 1028 2225 1085 2279; x_wconf 87' lang='lat' dir='ltr'>fiiis</span> <span class='ocrx_word' id='word_1_184' title='bbox 1097 2226 1195 2281; x_wconf 88' lang='lat' dir='ltr'>aureis</span> <span class='ocrx_word' id='word_1_185' title='bbox 1208 2226 1386 2283; x_wconf 80' lang='lat' dir='ltr'>intertextas</span> <span class='ocrx_word' id='word_1_186' title='bbox 1396 2244 1507 2299; x_wconf 81' lang='lat' dir='ltr'>marga-</span> 
     </span>
    </p>
   </div>
   <div class='ocr_carea' id='block_1_6' title="bbox 384 2307 924 4698">
    <p class='ocr_par' dir='ltr' id='par_1_6' title="bbox 386 2307 924 3505">
     <span class='ocr_line' id='line_1_21' title="bbox 391 2307 924 2378; baseline 0 -17"><span class='ocrx_word' id='word_1_187' title='bbox 391 2308 556 2377; x_wconf 85' lang='lat' dir='ltr'>posteriora</span> <span class='ocrx_word' id='word_1_188' title='bbox 580 2308 659 2378; x_wconf 74' lang='lat' dir='ltr'>ejus:</span> <span class='ocrx_word' id='word_1_189' title='bbox 696 2307 818 2377; x_wconf 81' lang='lat' dir='ltr'>&#39;equus&#39;</span> <span class='ocrx_word' id='word_1_190' title='bbox 843 2307 924 2362; x_wconf 89' lang='lat' dir='ltr'>enim</span> 
     </span>
     <span class='ocr_line' id='line_1_22' title="bbox 389 2386 924 2459; baseline 0 -16"><span class='ocrx_word' id='word_1_191' title='bbox 389 2387 538 2459; x_wconf 78' lang='lat' dir='ltr'>significat</span> <span class='ocrx_word' id='word_1_192' title='bbox 561 2386 746 2442; x_wconf 74' lang='lat' dir='ltr'>intellet‘ium</span> <span class='ocrx_word' id='word_1_193' title='bbox 766 2387 865 2451; x_wconf 87' lang='lat' dir='ltr'>Verbi,</span> <span class='ocrx_word' id='word_1_194' title='bbox 885 2396 924 2443; x_wconf 85' lang='lat' dir='ltr'>‘e-</span> 
     </span>
     <span class='ocr_line' id='line_1_23' title="bbox 389 2467 924 2540; baseline 0 -17"><span class='ocrx_word' id='word_1_195' title='bbox 389 2483 466 2540; x_wconf 91' lang='lat' dir='ltr'>quus</span> <span class='ocrx_word' id='word_1_196' title='bbox 476 2467 764 2523; x_wconf 75' lang='lat' dir='ltr'>rufus&#39;intelleiium</span> <span class='ocrx_word' id='word_1_197' title='bbox 774 2468 864 2524; x_wconf 88' lang='lat' dir='ltr'>Verbi</span> <span class='ocrx_word' id='word_1_198' title='bbox 873 2471 924 2523; x_wconf 91' lang='lat' dir='ltr'>de-</span> 
     </span>
     <span class='ocr_line' id='line_1_24' title="bbox 390 2549 923 2621; baseline 0.004 -19"><span class='ocrx_word' id='word_1_199' title='bbox 390 2549 923 2621; x_wconf 81' lang='lat' dir='ltr'>perditumquoadbonum,et⁴equus</span> 
     </span>
     <span class='ocr_line' id='line_1_25' title="bbox 390 2626 923 2701; baseline 0 -18"><span class='ocrx_word' id='word_1_200' title='bbox 390 2629 487 2701; x_wconf 78' lang='lat' dir='ltr'>niger&#39;</span> <span class='ocrx_word' id='word_1_201' title='bbox 506 2626 690 2683; x_wconf 68' lang='lat' dir='ltr'>inteiledium</span> <span class='ocrx_word' id='word_1_202' title='bbox 709 2628 799 2683; x_wconf 87' lang='lat' dir='ltr'>Verbi</span> <span class='ocrx_word' id='word_1_203' title='bbox 818 2629 923 2700; x_wconf 88' lang='lat' dir='ltr'>deper-</span> 
     </span>
     <span class='ocr_line' id='line_1_26' title="bbox 389 2707 923 2782; baseline 0.002 -17"><span class='ocrx_word' id='word_1_204' title='bbox 389 2711 485 2765; x_wconf 91' lang='lat' dir='ltr'>ditum</span> <span class='ocrx_word' id='word_1_205' title='bbox 498 2710 597 2780; x_wconf 89' lang='lat' dir='ltr'>quoad</span> <span class='ocrx_word' id='word_1_206' title='bbox 610 2726 722 2764; x_wconf 89' lang='lat' dir='ltr'>verum.</span> <span class='ocrx_word' id='word_1_207' title='bbox 759 2707 849 2782; x_wconf 82' lang='lat' dir='ltr'>Quod</span> <span class='ocrx_word' id='word_1_208' title='bbox 865 2712 923 2766; x_wconf 88' lang='lat' dir='ltr'>cla·</span> 
     </span>
     <span class='ocr_line' id='line_1_27' title="bbox 389 2791 923 2862; baseline 0 -18"><span class='ocrx_word' id='word_1_209' title='bbox 389 2791 923 2862; x_wconf 79' lang='lat' dir='ltr'>maverintadpugnamcontraequi·</span> 
     </span>
     <span class='ocr_line' id='line_1_28' title="bbox 387 2870 924 2942; baseline 0.002 -16"><span class='ocrx_word' id='word_1_210' title='bbox 387 2882 486 2926; x_wconf 87' lang='lat' dir='ltr'>tantes</span> <span class='ocrx_word' id='word_1_211' title='bbox 498 2887 587 2941; x_wconf 87' lang='lat' dir='ltr'>super</span> <span class='ocrx_word' id='word_1_212' title='bbox 599 2870 684 2941; x_wconf 88' lang='lat' dir='ltr'>equis</span> <span class='ocrx_word' id='word_1_213' title='bbox 699 2871 783 2934; x_wconf 85' lang='lat' dir='ltr'>albis,</span> <span class='ocrx_word' id='word_1_214' title='bbox 795 2883 842 2926; x_wconf 88' lang='lat' dir='ltr'>est</span> <span class='ocrx_word' id='word_1_215' title='bbox 853 2873 924 2942; x_wconf 90' lang='lat' dir='ltr'>quia</span> 
     </span>
     <span class='ocr_line' id='line_1_29' title="bbox 389 2950 922 3022; baseline 0.004 -16"><span class='ocrx_word' id='word_1_216' title='bbox 389 2961 498 3022; x_wconf 80' lang='lat' dir='ltr'>‘equus</span> <span class='ocrx_word' id='word_1_217' title='bbox 516 2950 614 3006; x_wconf 85' lang='lat' dir='ltr'>albus&#39;</span> <span class='ocrx_word' id='word_1_218' title='bbox 626 2951 775 3022; x_wconf 73' lang='lat' dir='ltr'>significat</span> <span class='ocrx_word' id='word_1_219' title='bbox 790 2953 922 3008; x_wconf 85' lang='lat' dir='ltr'>intellec·</span> 
     </span>
     <span class='ocr_line' id='line_1_30' title="bbox 387 3032 923 3101; baseline 0.002 -14"><span class='ocrx_word' id='word_1_220' title='bbox 387 3044 453 3087; x_wconf 88' lang='lat' dir='ltr'>turn</span> <span class='ocrx_word' id='word_1_221' title='bbox 489 3032 579 3086; x_wconf 89' lang='lat' dir='ltr'>Verbi</span> <span class='ocrx_word' id='word_1_222' title='bbox 615 3032 715 3101; x_wconf 88' lang='lat' dir='ltr'>quoad</span> <span class='ocrx_word' id='word_1_223' title='bbox 752 3047 855 3087; x_wconf 86' lang='lat' dir='ltr'>verum</span> <span class='ocrx_word' id='word_1_224' title='bbox 892 3044 923 3088; x_wconf 84' lang='lat' dir='ltr'>et</span> 
     </span>
     <span class='ocr_line' id='line_1_31' title="bbox 388 3111 922 3184; baseline 0 -16"><span class='ocrx_word' id='word_1_225' title='bbox 388 3115 510 3168; x_wconf 91' lang='lat' dir='ltr'>bonum.</span> <span class='ocrx_word' id='word_1_226' title='bbox 547 3111 636 3184; x_wconf 80' lang='lat' dir='ltr'>Quod</span> <span class='ocrx_word' id='word_1_227' title='bbox 656 3112 712 3167; x_wconf 88' lang='lat' dir='ltr'>visi</span> <span class='ocrx_word' id='word_1_228' title='bbox 732 3113 812 3167; x_wconf 89' lang='lat' dir='ltr'>collo</span> <span class='ocrx_word' id='word_1_229' title='bbox 832 3123 922 3168; x_wconf 84' lang='lat' dir='ltr'>retra·</span> 
     </span>
     <span class='ocr_line' id='line_1_32' title="bbox 389 3193 922 3264; baseline 0.002 -16"><span class='ocrx_word' id='word_1_230' title='bbox 389 3195 460 3249; x_wconf 89' lang='lat' dir='ltr'>here</span> <span class='ocrx_word' id='word_1_231' title='bbox 480 3209 582 3263; x_wconf 84' lang='lat' dir='ltr'>equos,</span> <span class='ocrx_word' id='word_1_232' title='bbox 602 3204 666 3248; x_wconf 88' lang='lat' dir='ltr'>erat</span> <span class='ocrx_word' id='word_1_233' title='bbox 684 3193 756 3264; x_wconf 85' lang='lat' dir='ltr'>quia</span> <span class='ocrx_word' id='word_1_234' title='bbox 775 3193 922 3249; x_wconf 87' lang='lat' dir='ltr'>timebant</span> 
     </span>
     <span class='ocr_line' id='line_1_33' title="bbox 388 3273 922 3346; baseline 0.002 -18"><span class='ocrx_word' id='word_1_235' title='bbox 388 3273 801 3346; x_wconf 75' lang='lat' dir='ltr'>pugnasneverumVerbiad</span> <span class='ocrx_word' id='word_1_236' title='bbox 809 3275 922 3330; x_wconf 89' lang='lat' dir='ltr'>multos</span> 
     </span>
     <span class='ocr_line' id='line_1_34' title="bbox 386 3353 922 3411; baseline 0.002 -1"><span class='ocrx_word' id='word_1_237' title='bbox 386 3356 502 3410; x_wconf 88' lang='lat' dir='ltr'>veniret</span> <span class='ocrx_word' id='word_1_238' title='bbox 510 3355 591 3410; x_wconf 87' lang='lat' dir='ltr'>etsie</span> <span class='ocrx_word' id='word_1_239' title='bbox 601 3354 631 3408; x_wconf 89' lang='lat' dir='ltr'>in</span> <span class='ocrx_word' id='word_1_240' title='bbox 640 3354 747 3410; x_wconf 89' lang='lat' dir='ltr'>lucem.</span> <span class='ocrx_word' id='word_1_241' title='bbox 784 3353 868 3410; x_wconf 85' lang='lat' dir='ltr'>Haec</span> <span class='ocrx_word' id='word_1_242' title='bbox 876 3367 922 3411; x_wconf 84' lang='lat' dir='ltr'>est</span> 
     </span>
     <span class='ocr_line' id='line_1_35' title="bbox 387 3434 620 3505; baseline 0.009 -17"><span class='ocrx_word' id='word_1_243' title='bbox 387 3434 620 3505; x_wconf 87' lang='lat' dir='ltr'>interpretatio.”</span> 
     </span>
    </p>

    <p class='ocr_par' dir='ltr' id='par_1_7' title="bbox 384 3515 921 4615">
     <span class='ocr_line' id='line_1_36' title="bbox 423 3515 921 3586; baseline 0.002 -16"><span class='ocrx_word' id='word_1_244' title='bbox 423 3516 532 3586; x_wconf 79' lang='lat' dir='ltr'>Angeli</span> <span class='ocrx_word' id='word_1_245' title='bbox 555 3531 644 3585; x_wconf 90' lang='lat' dir='ltr'>porro</span> <span class='ocrx_word' id='word_1_246' title='bbox 665 3515 921 3577; x_wconf 75' lang='lat' dir='ltr'>dixerunt.&#39;“Nos</span> 
     </span>
     <span class='ocr_line' id='line_1_37' title="bbox 385 3594 920 3668; baseline 0.004 -18"><span class='ocrx_word' id='word_1_247' title='bbox 385 3611 489 3651; x_wconf 89' lang='lat' dir='ltr'>sumus</span> <span class='ocrx_word' id='word_1_248' title='bbox 514 3612 531 3651; x_wconf 92' lang='lat' dir='ltr'>e</span> <span class='ocrx_word' id='word_1_249' title='bbox 562 3594 712 3650; x_wconf 88' lang='lat' dir='ltr'>Societate</span> <span class='ocrx_word' id='word_1_250' title='bbox 737 3595 818 3651; x_wconf 85' lang='lat' dir='ltr'>Caeli</span> <span class='ocrx_word' id='word_1_251' title='bbox 843 3614 920 3668; x_wconf 87' lang='lat' dir='ltr'>quae</span> 
     </span>
     <span class='ocr_line' id='line_1_38' title="bbox 386 3673 920 3739; baseline 0.004 -8"><span class='ocrx_word' id='word_1_252' title='bbox 386 3687 510 3731; x_wconf 90' lang='lat' dir='ltr'>vocatur</span> <span class='ocrx_word' id='word_1_253' title='bbox 529 3673 672 3739; x_wconf 86' lang='lat' dir='ltr'>Michael;</span> <span class='ocrx_word' id='word_1_254' title='bbox 700 3686 732 3731; x_wconf 89' lang='lat' dir='ltr'>et</span> <span class='ocrx_word' id='word_1_255' title='bbox 750 3693 769 3730; x_wconf 91' lang='lat' dir='ltr'>a</span> <span class='ocrx_word' id='word_1_256' title='bbox 788 3677 920 3734; x_wconf 89' lang='lat' dir='ltr'>Domino</span> 
     </span>
     <span class='ocr_line' id='line_1_39' title="bbox 387 3756 919 3813; baseline 0.004 -3"><span class='ocrx_word' id='word_1_257' title='bbox 387 3756 519 3811; x_wconf 87' lang='lat' dir='ltr'>mandati</span> <span class='ocrx_word' id='word_1_258' title='bbox 549 3773 652 3813; x_wconf 89' lang='lat' dir='ltr'>sumus</span> <span class='ocrx_word' id='word_1_259' title='bbox 679 3758 859 3813; x_wconf 79' lang='lat' dir='ltr'>descendere</span> <span class='ocrx_word' id='word_1_260' title='bbox 890 3759 919 3812; x_wconf 94' lang='lat' dir='ltr'>in</span> 
     </span>
     <span class='ocr_line' id='line_1_40' title="bbox 386 3835 919 3909; baseline 0.004 -18"><span class='ocrx_word' id='word_1_261' title='bbox 386 3835 604 3892; x_wconf 75' lang='lat' dir='ltr'>loeumdidum</span> <span class='ocrx_word' id='word_1_262' title='bbox 612 3838 919 3909; x_wconf 81' lang='lat' dir='ltr'>Armageddon,unde</span> 
     </span>
     <span class='ocr_line' id='line_1_41' title="bbox 385 3918 920 3988; baseline 0.004 -17"><span class='ocrx_word' id='word_1_263' title='bbox 385 3918 537 3988; x_wconf 81' lang='lat' dir='ltr'>equitatus</span> <span class='ocrx_word' id='word_1_264' title='bbox 552 3919 606 3972; x_wconf 90' lang='lat' dir='ltr'>tibi</span> <span class='ocrx_word' id='word_1_265' title='bbox 619 3919 700 3974; x_wconf 88' lang='lat' dir='ltr'>visus</span> <span class='ocrx_word' id='word_1_266' title='bbox 718 3920 824 3988; x_wconf 89' lang='lat' dir='ltr'>erupit.</span> <span class='ocrx_word' id='word_1_267' title='bbox 863 3919 920 3975; x_wconf 86' lang='lat' dir='ltr'>Per</span> 
     </span>
     <span class='ocr_line' id='line_1_42' title="bbox 385 3997 920 4068; baseline 0.006 -16"><span class='ocrx_word' id='word_1_268' title='bbox 385 3997 715 4068; x_wconf 80' lang='lat' dir='ltr'>‘Armageddon&#39;apud</span> <span class='ocrx_word' id='word_1_269' title='bbox 725 4000 819 4054; x_wconf 91' lang='lat' dir='ltr'>nosin</span> <span class='ocrx_word' id='word_1_270' title='bbox 828 3998 920 4055; x_wconf 88' lang='lat' dir='ltr'>Caelo</span> 
     </span>
     <span class='ocr_line' id='line_1_43' title="bbox 384 4078 919 4152; baseline 0.006 -21"><span class='ocrx_word' id='word_1_271' title='bbox 384 4078 569 4148; x_wconf 79' lang='lat' dir='ltr'>significatur</span> <span class='ocrx_word' id='word_1_272' title='bbox 577 4088 673 4133; x_wconf 86' lang='lat' dir='ltr'>status</span> <span class='ocrx_word' id='word_1_273' title='bbox 681 4080 837 4134; x_wconf 86' lang='lat' dir='ltr'>etanimus</span> <span class='ocrx_word' id='word_1_274' title='bbox 846 4096 919 4152; x_wconf 84' lang='lat' dir='ltr'>pug-</span> 
     </span>
     <span class='ocr_line' id='line_1_44' title="bbox 384 4158 920 4221; baseline 0.004 -9"><span class='ocrx_word' id='word_1_275' title='bbox 384 4158 475 4212; x_wconf 91' lang='lat' dir='ltr'>nandi</span> <span class='ocrx_word' id='word_1_276' title='bbox 492 4175 529 4213; x_wconf 91' lang='lat' dir='ltr'>ex</span> <span class='ocrx_word' id='word_1_277' title='bbox 548 4158 709 4214; x_wconf 78' lang='lat' dir='ltr'>falsificatis</span> <span class='ocrx_word' id='word_1_278' title='bbox 720 4160 805 4221; x_wconf 89' lang='lat' dir='ltr'>veris,</span> <span class='ocrx_word' id='word_1_279' title='bbox 819 4161 920 4215; x_wconf 91' lang='lat' dir='ltr'>oriun-</span> 
     </span>
     <span class='ocr_line' id='line_1_45' title="bbox 384 4239 919 4311; baseline 0.007 -18"><span class='ocrx_word' id='word_1_280' title='bbox 384 4240 442 4294; x_wconf 90' lang='lat' dir='ltr'>dus</span> <span class='ocrx_word' id='word_1_281' title='bbox 459 4256 497 4294; x_wconf 84' lang='lat' dir='ltr'>ex</span> <span class='ocrx_word' id='word_1_282' title='bbox 515 4255 616 4294; x_wconf 90' lang='lat' dir='ltr'>amore</span> <span class='ocrx_word' id='word_1_283' title='bbox 635 4239 750 4311; x_wconf 88' lang='lat' dir='ltr'>imperii</span> <span class='ocrx_word' id='word_1_284' title='bbox 769 4251 800 4295; x_wconf 90' lang='lat' dir='ltr'>et</span> <span class='ocrx_word' id='word_1_285' title='bbox 817 4257 919 4311; x_wconf 89' lang='lat' dir='ltr'>super·</span> 
     </span>
     <span class='ocr_line' id='line_1_46' title="bbox 386 4318 919 4391; baseline 0.004 -17"><span class='ocrx_word' id='word_1_286' title='bbox 386 4318 575 4374; x_wconf 83' lang='lat' dir='ltr'>eminentiae.</span> <span class='ocrx_word' id='word_1_287' title='bbox 631 4319 670 4374; x_wconf 82' lang='lat' dir='ltr'>Et</span> <span class='ocrx_word' id='word_1_288' title='bbox 696 4319 767 4390; x_wconf 87' lang='lat' dir='ltr'>quia</span> <span class='ocrx_word' id='word_1_289' title='bbox 793 4322 919 4391; x_wconf 88' lang='lat' dir='ltr'>percipi·</span> 
     </span>
     <span class='ocr_line' id='line_1_47' title="bbox 386 4399 918 4470; baseline 0.004 -16"><span class='ocrx_word' id='word_1_290' title='bbox 386 4415 453 4454; x_wconf 90' lang='lat' dir='ltr'>mus</span> <span class='ocrx_word' id='word_1_291' title='bbox 465 4400 544 4470; x_wconf 85' lang='lat' dir='ltr'>apud</span> <span class='ocrx_word' id='word_1_292' title='bbox 564 4409 594 4454; x_wconf 87' lang='lat' dir='ltr'>te</span> <span class='ocrx_word' id='word_1_293' title='bbox 607 4399 786 4455; x_wconf 89' lang='lat' dir='ltr'>desiderium</span> <span class='ocrx_word' id='word_1_294' title='bbox 805 4402 918 4457; x_wconf 89' lang='lat' dir='ltr'>sciendi</span> 
     </span>
     <span class='ocr_line' id='line_1_48' title="bbox 384 4480 919 4552; baseline 0.004 -18"><span class='ocrx_word' id='word_1_295' title='bbox 384 4481 424 4536; x_wconf 89' lang='lat' dir='ltr'>de</span> <span class='ocrx_word' id='word_1_296' title='bbox 448 4495 549 4551; x_wconf 82' lang='lat' dir='ltr'>pugna</span> <span class='ocrx_word' id='word_1_297' title='bbox 576 4481 625 4543; x_wconf 85' lang='lat' dir='ltr'>ibi.</span> <span class='ocrx_word' id='word_1_298' title='bbox 649 4480 761 4552; x_wconf 83' lang='lat' dir='ltr'>aliquid</span> <span class='ocrx_word' id='word_1_299' title='bbox 789 4483 919 4537; x_wconf 80' lang='lat' dir='ltr'>namabi-</span> 
     </span>
     <span class='ocr_line' id='line_1_49' title="bbox 384 4577 460 4615; baseline 0 0"><span class='ocrx_word' id='word_1_300' title='bbox 384 4577 460 4615; x_wconf 85' lang='lat' dir='ltr'>mus.</span> 
     </span>
    </p>

    <p class='ocr_par' dir='ltr' id='par_1_8' title="bbox 420 4640 918 4698">
     <span class='ocr_line' id='line_1_50' title="bbox 420 4640 918 4698; baseline 0.006 -3"><span class='ocrx_word' id='word_1_301' title='bbox 420 4641 518 4696; x_wconf 83' lang='lat' dir='ltr'>uPost</span> <span class='ocrx_word' id='word_1_302' title='bbox 530 4640 706 4697; x_wconf 87' lang='lat' dir='ltr'>descensum</span> <span class='ocrx_word' id='word_1_303' title='bbox 725 4657 742 4698; x_wconf 90' lang='lat' dir='ltr'>e</span> <span class='ocrx_word' id='word_1_304' title='bbox 760 4641 853 4698; x_wconf 85' lang='lat' dir='ltr'>Caelo</span> <span class='ocrx_word' id='word_1_305' title='bbox 870 4657 918 4698; x_wconf 85' lang='lat' dir='ltr'>ac-</span> 
     </span>
    </p>
   </div>
   <div class='ocr_carea' id='block_1_7' title="bbox 970 2306 1508 4704">
    <p class='ocr_par' dir='ltr' id='par_1_9' title="bbox 975 2306 1508 2538">
     <span class='ocr_line' id='line_1_51' title="bbox 977 2306 1508 2377; baseline 0.009 -18"><span class='ocrx_word' id='word_1_306' title='bbox 977 2306 1049 2367; x_wconf 89' lang='lat' dir='ltr'>ritis,</span> <span class='ocrx_word' id='word_1_307' title='bbox 1061 2316 1093 2361; x_wconf 91' lang='lat' dir='ltr'>et</span> <span class='ocrx_word' id='word_1_308' title='bbox 1111 2321 1232 2377; x_wconf 90' lang='lat' dir='ltr'>quoque</span> <span class='ocrx_word' id='word_1_309' title='bbox 1251 2306 1338 2362; x_wconf 86' lang='lat' dir='ltr'>datae</span> <span class='ocrx_word' id='word_1_310' title='bbox 1355 2318 1455 2364; x_wconf 77' lang='lat' dir='ltr'>vestes</span> <span class='ocrx_word' id='word_1_311' title='bbox 1473 2326 1508 2364; x_wconf 83' lang='lat' dir='ltr'>ex</span> 
     </span>
     <span class='ocr_line' id='line_1_52' title="bbox 976 2388 1508 2459; baseline 0.008 -18"><span class='ocrx_word' id='word_1_312' title='bbox 976 2388 1076 2443; x_wconf 82' lang='lat' dir='ltr'>colore</span> <span class='ocrx_word' id='word_1_313' title='bbox 1085 2388 1154 2443; x_wconf 87' lang='lat' dir='ltr'>albo</span> <span class='ocrx_word' id='word_1_314' title='bbox 1166 2398 1197 2443; x_wconf 85' lang='lat' dir='ltr'>et</span> <span class='ocrx_word' id='word_1_315' title='bbox 1211 2388 1406 2459; x_wconf 87' lang='lat' dir='ltr'>hyacinthino</span> <span class='ocrx_word' id='word_1_316' title='bbox 1416 2390 1508 2445; x_wconf 86' lang='lat' dir='ltr'>varie·</span> 
     </span>
     <span class='ocr_line' id='line_1_53' title="bbox 975 2478 1071 2538; baseline 0.021 -18"><span class='ocrx_word' id='word_1_317' title='bbox 975 2478 1071 2538; x_wconf 81' lang='lat' dir='ltr'>gatae.</span> 
     </span>
    </p>

    <p class='ocr_par' dir='ltr' id='par_1_10' title="bbox 976 2546 1507 2782">
     <span class='ocr_line' id='line_1_54' title="bbox 1012 2546 1506 2619; baseline 0.004 -18"><span class='ocrx_word' id='word_1_318' title='bbox 1012 2546 1243 2619; x_wconf 82' lang='lat' dir='ltr'>“Quaesivimus</span> <span class='ocrx_word' id='word_1_319' title='bbox 1274 2548 1349 2609; x_wconf 89' lang='lat' dir='ltr'>ilios.</span> <span class='ocrx_word' id='word_1_320' title='bbox 1376 2564 1447 2603; x_wconf 90' lang='lat' dir='ltr'>num</span> <span class='ocrx_word' id='word_1_321' title='bbox 1479 2551 1506 2605; x_wconf 94' lang='lat' dir='ltr'>in</span> 
     </span>
     <span class='ocr_line' id='line_1_55' title="bbox 976 2627 1507 2702; baseline 0.008 -21"><span class='ocrx_word' id='word_1_322' title='bbox 976 2627 1074 2683; x_wconf 88' lang='lat' dir='ltr'>locum</span> <span class='ocrx_word' id='word_1_323' title='bbox 1094 2628 1304 2700; x_wconf 90' lang='lat' dir='ltr'>propinquum,</span> <span class='ocrx_word' id='word_1_324' title='bbox 1316 2630 1368 2702; x_wconf 91' lang='lat' dir='ltr'>qui</span> <span class='ocrx_word' id='word_1_325' title='bbox 1385 2642 1507 2685; x_wconf 89' lang='lat' dir='ltr'>vocatur</span> 
     </span>
     <span class='ocr_line' id='line_1_56' title="bbox 977 2709 1420 2782; baseline 0.009 -18"><span class='ocrx_word' id='word_1_326' title='bbox 977 2710 1199 2781; x_wconf 80' lang='lat' dir='ltr'>Armageddon,</span> <span class='ocrx_word' id='word_1_327' title='bbox 1212 2709 1420 2782; x_wconf 71' lang='lat' dir='ltr'>spefiaverint.</span> 
     </span>
    </p>

    <p class='ocr_par' dir='ltr' id='par_1_11' title="bbox 972 2789 1505 3812">
     <span class='ocr_line' id='line_1_57' title="bbox 1011 2789 1505 2862; baseline 0.008 -18"><span class='ocrx_word' id='word_1_328' title='bbox 1011 2789 1181 2846; x_wconf 82' lang='lat' dir='ltr'>“Dixerunt</span> <span class='ocrx_word' id='word_1_329' title='bbox 1190 2793 1271 2862; x_wconf 92' lang='lat' dir='ltr'>quod</span> <span class='ocrx_word' id='word_1_330' title='bbox 1286 2807 1339 2861; x_wconf 92' lang='lat' dir='ltr'>per</span> <span class='ocrx_word' id='word_1_331' title='bbox 1348 2790 1505 2848; x_wconf 80' lang='lat' dir='ltr'>fenestram</span> 
     </span>
     <span class='ocr_line' id='line_1_58' title="bbox 975 2869 1505 2945; baseline 0.009 -21"><span class='ocrx_word' id='word_1_332' title='bbox 975 2885 1051 2942; x_wconf 88' lang='lat' dir='ltr'>quae</span> <span class='ocrx_word' id='word_1_333' title='bbox 1069 2872 1124 2926; x_wconf 89' lang='lat' dir='ltr'>sub</span> <span class='ocrx_word' id='word_1_334' title='bbox 1143 2869 1225 2926; x_wconf 69' lang='lat' dir='ltr'>tedio</span> <span class='ocrx_word' id='word_1_335' title='bbox 1243 2874 1364 2934; x_wconf 71' lang='lat' dir='ltr'>domus:</span> <span class='ocrx_word' id='word_1_336' title='bbox 1383 2875 1505 2945; x_wconf 82' lang='lat' dir='ltr'>ecquod</span> 
     </span>
     <span class='ocr_line' id='line_1_59' title="bbox 975 2951 1504 3022; baseline 0.009 -17"><span class='ocrx_word' id='word_1_337' title='bbox 975 2951 1237 3022; x_wconf 81' lang='lat' dir='ltr'>congregationem</span> <span class='ocrx_word' id='word_1_338' title='bbox 1251 2953 1291 3006; x_wconf 91' lang='lat' dir='ltr'>ibi</span> <span class='ocrx_word' id='word_1_339' title='bbox 1303 2953 1441 3015; x_wconf 86' lang='lat' dir='ltr'>viderint,</span> <span class='ocrx_word' id='word_1_340' title='bbox 1455 2955 1504 3010; x_wconf 88' lang='lat' dir='ltr'>sed</span> 
     </span>
     <span class='ocr_line' id='line_1_60' title="bbox 974 3031 1505 3103; baseline 0.008 -17"><span class='ocrx_word' id='word_1_341' title='bbox 974 3031 1505 3103; x_wconf 70' lang='lat' dir='ltr'>subvariisfiguris,nuncuthominer</span> 
     </span>
     <span class='ocr_line' id='line_1_61' title="bbox 975 3114 1505 3181; baseline 0.009 -17"><span class='ocrx_word' id='word_1_342' title='bbox 975 3126 1120 3181; x_wconf 85' lang='lat' dir='ltr'>proceres.</span> <span class='ocrx_word' id='word_1_343' title='bbox 1128 3123 1159 3166; x_wconf 88' lang='lat' dir='ltr'>et</span> <span class='ocrx_word' id='word_1_344' title='bbox 1170 3129 1248 3167; x_wconf 90' lang='lat' dir='ltr'>nunc</span> <span class='ocrx_word' id='word_1_345' title='bbox 1258 3128 1318 3168; x_wconf 94' lang='lat' dir='ltr'>non</span> <span class='ocrx_word' id='word_1_346' title='bbox 1326 3124 1361 3168; x_wconf 85' lang='lat' dir='ltr'>ut</span> <span class='ocrx_word' id='word_1_347' title='bbox 1371 3114 1505 3169; x_wconf 85' lang='lat' dir='ltr'>homines</span> 
     </span>
     <span class='ocr_line' id='line_1_62' title="bbox 974 3192 1504 3266; baseline 0.011 -21"><span class='ocrx_word' id='word_1_348' title='bbox 974 3192 1026 3246; x_wconf 86' lang='lat' dir='ltr'>sed</span> <span class='ocrx_word' id='word_1_349' title='bbox 1040 3201 1074 3246; x_wconf 91' lang='lat' dir='ltr'>ut</span> <span class='ocrx_word' id='word_1_350' title='bbox 1086 3202 1200 3248; x_wconf 87' lang='lat' dir='ltr'>statuas</span> <span class='ocrx_word' id='word_1_351' title='bbox 1209 3203 1240 3248; x_wconf 86' lang='lat' dir='ltr'>et</span> <span class='ocrx_word' id='word_1_352' title='bbox 1253 3193 1334 3248; x_wconf 92' lang='lat' dir='ltr'>idola</span> <span class='ocrx_word' id='word_1_353' title='bbox 1343 3195 1467 3266; x_wconf 78' lang='lat' dir='ltr'>sculpta,</span> <span class='ocrx_word' id='word_1_354' title='bbox 1476 3207 1504 3251; x_wconf 90' lang='lat' dir='ltr'>et</span> 
     </span>
     <span class='ocr_line' id='line_1_63' title="bbox 973 3273 1502 3332; baseline 0.008 -6"><span class='ocrx_word' id='word_1_355' title='bbox 973 3273 1084 3327; x_wconf 87' lang='lat' dir='ltr'>circum</span> <span class='ocrx_word' id='word_1_356' title='bbox 1116 3273 1166 3327; x_wconf 89' lang='lat' dir='ltr'>illa</span> <span class='ocrx_word' id='word_1_357' title='bbox 1189 3284 1306 3329; x_wconf 86' lang='lat' dir='ltr'>caetum</span> <span class='ocrx_word' id='word_1_358' title='bbox 1337 3274 1502 3332; x_wconf 70' lang='lat' dir='ltr'>deflentem</span> 
     </span>
     <span class='ocr_line' id='line_1_64' title="bbox 973 3353 1504 3424; baseline 0.008 -16"><span class='ocrx_word' id='word_1_359' title='bbox 973 3369 1084 3424; x_wconf 64' lang='lat' dir='ltr'>genum</span> <span class='ocrx_word' id='word_1_360' title='bbox 1104 3353 1504 3412; x_wconf 84' lang='lat' dir='ltr'>hietiamsubvariisiormis</span> 
     </span>
     <span class='ocr_line' id='line_1_65' title="bbox 973 3433 1503 3504; baseline 0.011 -18"><span class='ocrx_word' id='word_1_361' title='bbox 973 3433 1060 3488; x_wconf 91' lang='lat' dir='ltr'>nobis</span> <span class='ocrx_word' id='word_1_362' title='bbox 1086 3445 1294 3504; x_wconf 83' lang='lat' dir='ltr'>apparuerunt.</span> <span class='ocrx_word' id='word_1_363' title='bbox 1320 3453 1400 3492; x_wconf 91' lang='lat' dir='ltr'>nuuc</span> <span class='ocrx_word' id='word_1_364' title='bbox 1430 3438 1503 3492; x_wconf 85' lang='lat' dir='ltr'>sicut</span> 
     </span>
     <span class='ocr_line' id='line_1_66' title="bbox 973 3513 1503 3587; baseline 0.006 -20"><span class='ocrx_word' id='word_1_365' title='bbox 973 3513 1118 3576; x_wconf 84' lang='lat' dir='ltr'>homines,</span> <span class='ocrx_word' id='word_1_366' title='bbox 1143 3531 1222 3570; x_wconf 89' lang='lat' dir='ltr'>nunc</span> <span class='ocrx_word' id='word_1_367' title='bbox 1250 3515 1328 3571; x_wconf 87' lang='lat' dir='ltr'>sicut</span> <span class='ocrx_word' id='word_1_368' title='bbox 1359 3519 1452 3587; x_wconf 83' lang='lat' dir='ltr'>pardi,</span> <span class='ocrx_word' id='word_1_369' title='bbox 1474 3529 1503 3573; x_wconf 91' lang='lat' dir='ltr'>et</span> 
     </span>
     <span class='ocr_line' id='line_1_67' title="bbox 973 3595 1503 3658; baseline 0.009 -11"><span class='ocrx_word' id='word_1_370' title='bbox 973 3595 1233 3658; x_wconf 88' lang='lat' dir='ltr'>nuncsicuthirci;</span> <span class='ocrx_word' id='word_1_371' title='bbox 1250 3595 1281 3650; x_wconf 90' lang='lat' dir='ltr'>hi</span> <span class='ocrx_word' id='word_1_372' title='bbox 1289 3613 1358 3651; x_wconf 89' lang='lat' dir='ltr'>cum</span> <span class='ocrx_word' id='word_1_373' title='bbox 1366 3599 1503 3654; x_wconf 90' lang='lat' dir='ltr'>cornibus</span> 
     </span>
     <span class='ocr_line' id='line_1_68' title="bbox 972 3675 1502 3747; baseline 0.008 -19"><span class='ocrx_word' id='word_1_374' title='bbox 972 3675 1111 3730; x_wconf 85' lang='lat' dir='ltr'>deorsum</span> <span class='ocrx_word' id='word_1_375' title='bbox 1131 3675 1287 3746; x_wconf 86' lang='lat' dir='ltr'>protensis.</span> <span class='ocrx_word' id='word_1_376' title='bbox 1306 3677 1417 3747; x_wconf 91' lang='lat' dir='ltr'>quibus</span> <span class='ocrx_word' id='word_1_377' title='bbox 1433 3677 1502 3734; x_wconf 80' lang='lat' dir='ltr'>edo·</span> 
     </span>
     <span class='ocr_line' id='line_1_69' title="bbox 972 3755 1240 3812; baseline 0.007 -2"><span class='ocrx_word' id='word_1_378' title='bbox 972 3756 1093 3810; x_wconf 89' lang='lat' dir='ltr'>diebant</span> <span class='ocrx_word' id='word_1_379' title='bbox 1107 3755 1240 3812; x_wconf 88' lang='lat' dir='ltr'>humum.</span> 
     </span>
    </p>

    <p class='ocr_par' dir='ltr' id='par_1_12' title="bbox 971 3835 1501 4134">
     <span class='ocr_line' id='line_1_70' title="bbox 1008 3835 1501 3906; baseline 0.008 -16"><span class='ocrx_word' id='word_1_380' title='bbox 1008 3844 1024 3865; x_wconf 73' lang='lat'>‘¹</span> <span class='ocrx_word' id='word_1_381' title='bbox 1032 3835 1096 3891; x_wconf 92' lang='lat' dir='ltr'>Nos</span> <span class='ocrx_word' id='word_1_382' title='bbox 1104 3837 1290 3906; x_wconf 86' lang='lat' dir='ltr'>interpretati</span> <span class='ocrx_word' id='word_1_383' title='bbox 1301 3855 1405 3894; x_wconf 85' lang='lat' dir='ltr'>sumus</span> <span class='ocrx_word' id='word_1_384' title='bbox 1413 3851 1501 3896; x_wconf 87' lang='lat' dir='ltr'>meta·</span> 
     </span>
     <span class='ocr_line' id='line_1_71' title="bbox 973 3917 1500 3990; baseline 0.006 -19"><span class='ocrx_word' id='word_1_385' title='bbox 973 3918 1147 3988; x_wconf 87' lang='lat' dir='ltr'>morphoses</span> <span class='ocrx_word' id='word_1_386' title='bbox 1160 3917 1233 3980; x_wconf 87' lang='lat' dir='ltr'>illas,</span> <span class='ocrx_word' id='word_1_387' title='bbox 1245 3933 1322 3988; x_wconf 89' lang='lat' dir='ltr'>quos</span> <span class='ocrx_word' id='word_1_388' title='bbox 1336 3935 1500 3990; x_wconf 74' lang='lat' dir='ltr'>repraesen-</span> 
     </span>
     <span class='ocr_line' id='line_1_72' title="bbox 972 3998 1500 4070; baseline 0.006 -19"><span class='ocrx_word' id='word_1_389' title='bbox 972 3998 1419 4070; x_wconf 83' lang='lat' dir='ltr'>tabantetquidsignificabaut</span> <span class='ocrx_word' id='word_1_390' title='bbox 1446 3999 1500 4054; x_wconf 91' lang='lat' dir='ltr'>Sed</span> 
     </span>
     <span class='ocr_line' id='line_1_73' title="bbox 971 4078 1136 4134; baseline -0.012 0"><span class='ocrx_word' id='word_1_391' title='bbox 971 4078 1008 4134; x_wconf 88' lang='lat' dir='ltr'>ad</span> <span class='ocrx_word' id='word_1_392' title='bbox 1023 4094 1136 4132; x_wconf 86' lang='lat' dir='ltr'>rem:-</span> 
     </span>
    </p>

    <p class='ocr_par' dir='ltr' id='par_1_13' title="bbox 970 4157 1499 4617">
     <span class='ocr_line' id='line_1_74' title="bbox 1007 4157 1499 4230; baseline 0.002 -17"><span class='ocrx_word' id='word_1_393' title='bbox 1007 4157 1210 4230; x_wconf 81' lang='lat' dir='ltr'>“Congregati</span> <span class='ocrx_word' id='word_1_394' title='bbox 1231 4158 1281 4221; x_wconf 89' lang='lat' dir='ltr'>illi,</span> <span class='ocrx_word' id='word_1_395' title='bbox 1297 4174 1364 4213; x_wconf 89' lang='lat' dir='ltr'>cum</span> <span class='ocrx_word' id='word_1_396' title='bbox 1384 4160 1499 4215; x_wconf 86' lang='lat' dir='ltr'>audive-</span> 
     </span>
     <span class='ocr_line' id='line_1_75' title="bbox 972 4239 1499 4310; baseline 0.002 -17"><span class='ocrx_word' id='word_1_397' title='bbox 972 4250 1041 4293; x_wconf 90' lang='lat' dir='ltr'>runt</span> <span class='ocrx_word' id='word_1_398' title='bbox 1049 4239 1130 4310; x_wconf 90' lang='lat' dir='ltr'>quod</span> <span class='ocrx_word' id='word_1_399' title='bbox 1142 4239 1349 4294; x_wconf 86' lang='lat' dir='ltr'>intraverimus</span> <span class='ocrx_word' id='word_1_400' title='bbox 1358 4240 1389 4295; x_wconf 92' lang='lat' dir='ltr'>in</span> <span class='ocrx_word' id='word_1_401' title='bbox 1397 4242 1499 4295; x_wconf 84' lang='lat' dir='ltr'>domos</span> 
     </span>
     <span class='ocr_line' id='line_1_76' title="bbox 973 4319 1498 4392; baseline -0.006 -18"><span class='ocrx_word' id='word_1_402' title='bbox 973 4319 1044 4382; x_wconf 89' lang='lat' dir='ltr'>illas,</span> <span class='ocrx_word' id='word_1_403' title='bbox 1057 4321 1196 4374; x_wconf 85' lang='lat' dir='ltr'>dixerunt</span> <span class='ocrx_word' id='word_1_404' title='bbox 1209 4319 1287 4374; x_wconf 86' lang='lat' dir='ltr'>inter</span> <span class='ocrx_word' id='word_1_405' title='bbox 1298 4335 1338 4382; x_wconf 85' lang='lat' dir='ltr'>se,</span> <span class='ocrx_word' id='word_1_406' title='bbox 1353 4319 1447 4392; x_wconf 74' lang='lat' dir='ltr'>&#39;Quid</span> <span class='ocrx_word' id='word_1_407' title='bbox 1461 4319 1498 4373; x_wconf 88' lang='lat' dir='ltr'>iiii</span> 
     </span>
     <span class='ocr_line' id='line_1_77' title="bbox 970 4398 1497 4471; baseline -0.009 -14"><span class='ocrx_word' id='word_1_408' title='bbox 970 4402 1049 4470; x_wconf 86' lang='lat' dir='ltr'>apud</span> <span class='ocrx_word' id='word_1_409' title='bbox 1069 4415 1177 4471; x_wconf 87' lang='lat' dir='ltr'>pueros</span> <span class='ocrx_word' id='word_1_410' title='bbox 1195 4398 1277 4462; x_wconf 85' lang='lat' dir='ltr'>illos;</span> <span class='ocrx_word' id='word_1_411' title='bbox 1296 4399 1449 4455; x_wconf 74' lang='lat' dir='ltr'>mittamus</span> <span class='ocrx_word' id='word_1_412' title='bbox 1465 4415 1497 4453; x_wconf 85' lang='lat' dir='ltr'>ex</span> 
     </span>
     <span class='ocr_line' id='line_1_78' title="bbox 972 4479 1498 4552; baseline -0.008 -16"><span class='ocrx_word' id='word_1_413' title='bbox 972 4491 1074 4536; x_wconf 89' lang='lat' dir='ltr'>nostro</span> <span class='ocrx_word' id='word_1_414' title='bbox 1086 4490 1172 4535; x_wconf 87' lang='lat' dir='ltr'>caetu</span> <span class='ocrx_word' id='word_1_415' title='bbox 1185 4479 1302 4550; x_wconf 85' lang='lat' dir='ltr'>aliquos</span> <span class='ocrx_word' id='word_1_416' title='bbox 1314 4479 1365 4551; x_wconf 89' lang='lat' dir='ltr'>qui</span> <span class='ocrx_word' id='word_1_417' title='bbox 1383 4481 1498 4552; x_wconf 83' lang='lat' dir='ltr'>ejiciant</span> 
     </span>
     <span class='ocr_line' id='line_1_79' title="bbox 972 4561 1054 4617; baseline 0.012 -1"><span class='ocrx_word' id='word_1_418' title='bbox 972 4561 1054 4617; x_wconf 69' lang='lat' dir='ltr'>iilos!</span> 
     </span>
    </p>

    <p class='ocr_par' dir='ltr' id='par_1_14' title="bbox 1006 4640 1496 4704">
     <span class='ocr_line' id='line_1_80' title="bbox 1006 4640 1496 4704; baseline -0.006 -7"><span class='ocrx_word' id='word_1_419' title='bbox 1006 4641 1128 4697; x_wconf 78' lang='lat' dir='ltr'>“Etiam</span> <span class='ocrx_word' id='word_1_420' title='bbox 1148 4640 1301 4704; x_wconf 88' lang='lat' dir='ltr'>miserunt,</span> <span class='ocrx_word' id='word_1_421' title='bbox 1317 4651 1348 4697; x_wconf 89' lang='lat' dir='ltr'>et</span> <span class='ocrx_word' id='word_1_422' title='bbox 1365 4657 1433 4697; x_wconf 91' lang='lat' dir='ltr'>cum</span> <span class='ocrx_word' id='word_1_423' title='bbox 1451 4653 1496 4694; x_wconf 86' lang='lat' dir='ltr'>ve·</span> 
     </span>
    </p>
   </div>
   <div class='ocr_carea' id='block_1_8' title="bbox 0 0 1696 5400">
    <p class='ocr_par' dir='ltr' id='par_1_15' title="bbox 0 0 1696 5400">
     <span class='ocr_line' id='line_1_81' title="bbox 0 0 1696 5400; baseline 0 3"><span class='ocrx_word' id='word_1_424' title='bbox 0 0 1696 5400; x_wconf 95' lang='lat' dir='ltr'> </span> 
     </span>
    </p>
   </div>
  </div>
 </body>
</html>
