3384 5400
358 697 418 780 582
660 691 925 761 'Arocstvrms
947 707 1158 759 usvstsrs.

355 879 412 935 bus
442 895 502 935 non
528 879 623 934 solum
656 887 805 934 mortuam
836 877 889 933 sed
944 875 1062 932 Bestiae
1086 892 1163 948 quae
1184 875 1362 931 describitur
1386 876 1474 947 Apoc.

355 961 445 1017 etium
459 960 656 1015 diabolicam!
941 973 1006 1027 cup.
1018 956 1078 1012 xiii.
1092 960 1180 1028 (vers.
1192 972 1215 1026 r,
1225 958 1263 1026 2).
1276 959 1363 1028 cujus
1376 958 1474 1028 imago

403 1041 512 1095 “Tunc
541 1057 619 1096 unus
649 1056 687 1095 ex
719 1039 797 1094 binis
832 1038 891 1094 iilis
941 1035 1020 1094 tacta
1033 1049 1066 1093 et
1079 1039 1203 1093 adorata
1215 1049 1262 1093 est
1275 1040 1363 1108 (vers.
1379 1053 1418 1104 14,
1434 1051 1473 1107 ις,

357 1120 520 1193 Episcopis,
544 1136 613 1176 cum
637 1119 753 1175 audivit
785 1119 888 1174 Fidem
941 1117 972 1174 in
985 1119 1093 1174 eodem
1104 1119 1231 1189 capite):
1251 1119 1309 1173 hoc
1323 1117 1473 1189 spedimm

355 1217 439 1258 susm
460 1200 560 1256 vocari
585 1211 742 1262 mortuam,
764 1199 890 1255 diaboii·
940 1199 1475 1269 emensadcsumpsitcidarim,etdi·

354 1298 428 1344 cam.
442 1291 473 1336 ct
485 1279 644 1351 spessrum.
658 1281 688 1334 irt
706 1290 823 1335 tuntum
839 1297 890 1336 ex·
941 1279 1135 1334 lstavitillsm
1146 1279 1475 1351 inimetposuitsuper

354 1363 484 1425 canduit.
498 1371 562 1416 ute
578 1361 677 1432 capite
695 1377 750 1416 suo
762 1361 890 1432 eriperet
941 1371 1057 1432 septem
1064 1360 1127 1416 suis
1134 1360 1296 1431 capitibus:
1315 1377 1377 1432 quo
1386 1359 1473 1423 iusto,

354 1443 487 1506 cidarim,
497 1453 529 1497 et
538 1441 700 1512 conjiceret
709 1457 799 1511 super
807 1457 890 1497 men·
941 1451 1022 1498 terra
1034 1441 1135 1496 bisbut
1147 1441 1204 1496 sub
1218 1441 1345 1511 pedibus
1356 1442 1431 1513 ejus,
1443 1451 1475 1497 et

354 1539 427 1586 sam,
440 1523 550 1586 dicens,
567 1521 651 1577 ‘Non
670 1538 817 1578 resumam
837 1537 890 1576 un·
940 1521 1069 1576 subsidit
1087 1521 1117 1575 in
1137 1520 1304 1583 inimum:
1323 1537 1385 1592 quo
1400 1524 1473 1582 viso.

354 1613 475 1674 tequam
489 1603 570 1658 ultus
583 1603 668 1658 fuero
687 1603 790 1658 hostes
804 1602 889 1656 Fidei
940 1601 1081 1656 clamavit
1092 1600 1257 1673 Episcopus
1270 1601 1327 1664 ille,
1338 1603 1475 1659 ‘Violen-

256 1717 259 1726 ι
356 1682 504 1738 Ecclesiae
517 1693 635 1738 nostrae
643 1681 658 1745 ;'
677 1692 708 1737 at
727 1682 822 1737 movit
840 1698 890 1738 cu·
940 1682 991 1745 tis,
1003 1680 1164 1737 violentis·

355 1774 418 1834 put,
437 1779 624 1818 murmurans
642 1773 674 1819 et
692 1763 804 1825 dicens,
820 1762 889 1818 ‘Ille
988 1762 1099 1818 “Tunc
1118 1761 1266 1818 abivimus
1286 1763 1324 1818 ab
1347 1762 1419 1827 illis;
1443 1774 1474 1818 et

353 1843 454 1916 Jacob,
469 1844 517 1899 iile
529 1843 640 1916 Jacob!
940 1858 1010 1898 ecce
1018 1844 1129 1914 gradus
1136 1859 1238 1898 coram
1247 1843 1343 1899 oculis
1356 1845 1473 1907 nostris,

403 1923 524 1994 “Super
547 1924 640 1980 cidari
666 1933 731 1979 erat
761 1922 887 1987 irradies.
941 1939 1082 1995 perquos
1096 1923 1300 1988 ascendimust
1319 1934 1351 1980 et
1366 1925 1474 1980 redivi·

353 2004 402 2059 cui
414 2005 562 2075 insculpta
571 2003 628 2059 iuit
638 2004 706 2060 Sola
715 2005 812 2060 Friies.
850 2004 889 2060 Et
941 2019 1008 2059 mus
1020 2020 1110 2075 supra
1117 2013 1236 2066 terrum,
1246 2014 1278 2060 ct
1291 2005 1321 2059 in
1329 2021 1474 2076 conspec-

353 2094 427 2140 tunc
444 2085 546 2140 subito
563 2085 701 2156 apparuit
721 2095 888 2140 monstrum
939 2095 1005 2138 tum
1018 2082 1108 2147 Coeii.
1121 2084 1173 2138 ubi
1186 2083 1297 2140 fuimus
1310 2085 1417 2156 prius''

354 2180 371 2220 e
401 2174 481 2220 terra
510 2181 642 2236 surgens.
668 2181 737 2220 cum
771 2175 904 2238 septem¹

353 2245 508 2316 capitibus,
521 2246 569 2301 cui
583 2246 675 2316 pedes
687 2246 765 2300 sicut
777 2245 889 2307 ursiet
987 2242 1073 2300 Haec
1096 2246 1227 2302 narravit
1257 2245 1330 2302 mibi
1354 2245 1472 2319 sapient

353 2339 389 2381 os
412 2325 490 2382 sicut
514 2326 617 2390 leonis.
643 2341 764 2398 prorsus
790 2326 888 2384 simile
939 2324 1066 2398 Auglus.
