<?xml version="1.0" encoding="UTF-8"?>
<!DOCTYPE html PUBLIC "-//W3C//DTD XHTML 1.0 Transitional//EN"
    "http://www.w3.org/TR/xhtml1/DTD/xhtml1-transitional.dtd">
<html xmlns="http://www.w3.org/1999/xhtml" xml:lang="en" lang="en">
 <head>
  <title>
</title>
<meta http-equiv="Content-Type" content="text/html;charset=utf-8" />
  <meta name='ocr-system' content='tesseract 3.04.00' />
  <meta name='ocr-capabilities' content='ocr_page ocr_carea ocr_par ocr_line ocrx_word'/>
</head>
<body>
  <div class='ocr_page' id='page_1' title='image "./apocalypsisreve00swedgoog_0335.png"; bbox 0 0 3384 5400; ppageno 0'>
   <div class='ocr_carea' id='block_1_1' title="bbox 502 694 1325 775">
    <p class='ocr_par' dir='ltr' id='par_1_1' title="bbox 502 694 1325 775">
     <span class='ocr_line' id='line_1_1' title="bbox 502 694 1325 775; baseline -0.009 -12"><span class='ocrx_word' id='word_1_1' title='bbox 502 705 581 763; x_wconf 77' lang='lat' dir='ltr'>cnr.</span> <span class='ocrx_word' id='word_1_2' title='bbox 598 706 821 769; x_wconf 79' lang='lat' dir='ltr'>xx11.,vsns</span> <span class='ocrx_word' id='word_1_3' title='bbox 838 706 946 774; x_wconf 85' lang='lat' dir='ltr'>3.-1v.</span> <span class='ocrx_word' id='word_1_4' title='bbox 962 708 1033 775; x_wconf 83' lang='lat'>937.</span> <span class='ocrx_word' id='word_1_5' title='bbox 1265 694 1325 773; x_wconf 80' lang='lat'>845</span> 
     </span>
    </p>
   </div>
   <div class='ocr_carea' id='block_1_2' title="bbox 201 875 1331 1799">
    <p class='ocr_par' dir='ltr' id='par_1_2' title="bbox 201 875 1331 1799">
     <span class='ocr_line' id='line_1_2' title="bbox 208 875 1329 960; baseline 0 -19"><span class='ocrx_word' id='word_1_6' title='bbox 208 876 288 959; x_wconf 85' lang='lat' dir='ltr'>quid</span> <span class='ocrx_word' id='word_1_7' title='bbox 310 875 363 939; x_wconf 90' lang='lat' dir='ltr'>his</span> <span class='ocrx_word' id='word_1_8' title='bbox 385 896 469 958; x_wconf 87' lang='lat' dir='ltr'>opus</span> <span class='ocrx_word' id='word_1_9' title='bbox 491 886 564 954; x_wconf 87' lang='lat' dir='ltr'>est;</span> <span class='ocrx_word' id='word_1_10' title='bbox 593 887 709 958; x_wconf 86' lang='lat' dir='ltr'>potest</span> <span class='ocrx_word' id='word_1_11' title='bbox 733 896 775 941; x_wconf 92' lang='lat' dir='ltr'>ne</span> <span class='ocrx_word' id='word_1_12' title='bbox 797 876 920 941; x_wconf 85' lang='lat' dir='ltr'>salvari</span> <span class='ocrx_word' id='word_1_13' title='bbox 939 878 1164 960; x_wconf 82' lang='lat' dir='ltr'>unusquisque</span> <span class='ocrx_word' id='word_1_14' title='bbox 1187 896 1231 939; x_wconf 88' lang='lat' dir='ltr'>ex</span> <span class='ocrx_word' id='word_1_15' title='bbox 1255 876 1329 941; x_wconf 86' lang='lat' dir='ltr'>sola</span> 
     </span>
     <span class='ocr_line' id='line_1_3' title="bbox 210 970 1331 1053; baseline 0.002 -20"><span class='ocrx_word' id='word_1_16' title='bbox 210 971 457 1048; x_wconf 81' lang='lat' dir='ltr'>misericordia;</span> <span class='ocrx_word' id='word_1_17' title='bbox 485 970 565 1053; x_wconf 92' lang='lat' dir='ltr'>quid</span> <span class='ocrx_word' id='word_1_18' title='bbox 588 992 672 1052; x_wconf 83' lang='lat' dir='ltr'>opus</span> <span class='ocrx_word' id='word_1_19' title='bbox 694 971 762 1035; x_wconf 88' lang='lat' dir='ltr'>alio</span> <span class='ocrx_word' id='word_1_20' title='bbox 785 971 984 1037; x_wconf 83' lang='lat' dir='ltr'>salvationis</span> <span class='ocrx_word' id='word_1_21' title='bbox 1004 972 1115 1037; x_wconf 90' lang='lat' dir='ltr'>medio</span> <span class='ocrx_word' id='word_1_22' title='bbox 1133 991 1235 1053; x_wconf 86' lang='lat' dir='ltr'>quam</span> <span class='ocrx_word' id='word_1_23' title='bbox 1254 973 1331 1035; x_wconf 87' lang='lat' dir='ltr'>sola</span> 
     </span>
     <span class='ocr_line' id='line_1_4' title="bbox 210 1064 1328 1149; baseline 0.003 -23"><span class='ocrx_word' id='word_1_24' title='bbox 210 1064 313 1141; x_wconf 86' lang='lat' dir='ltr'>Fide;</span> <span class='ocrx_word' id='word_1_25' title='bbox 347 1075 445 1128; x_wconf 86' lang='lat' dir='ltr'>estne</span> <span class='ocrx_word' id='word_1_26' title='bbox 475 1064 568 1129; x_wconf 88' lang='lat' dir='ltr'>Deus</span> <span class='ocrx_word' id='word_1_27' title='bbox 591 1066 780 1129; x_wconf 68' lang='lat' dir='ltr'>misericors</span> <span class='ocrx_word' id='word_1_28' title='bbox 808 1076 845 1131; x_wconf 88' lang='lat' dir='ltr'>et</span> <span class='ocrx_word' id='word_1_29' title='bbox 876 1068 1102 1149; x_wconf 88' lang='lat' dir='ltr'>omnipotens.</span> <span class='ocrx_word' id='word_1_30' title='bbox 1167 1064 1218 1129; x_wconf 89' lang='lat' dir='ltr'>At</span> <span class='ocrx_word' id='word_1_31' title='bbox 1242 1067 1328 1130; x_wconf 90' lang='lat' dir='ltr'>sciat</span> 
     </span>
     <span class='ocr_line' id='line_1_5' title="bbox 210 1158 1329 1243; baseline 0.004 -22"><span class='ocrx_word' id='word_1_32' title='bbox 210 1158 300 1239; x_wconf 88' lang='lat' dir='ltr'>quod</span> <span class='ocrx_word' id='word_1_33' title='bbox 322 1158 356 1223; x_wconf 89' lang='lat' dir='ltr'>in</span> <span class='ocrx_word' id='word_1_34' title='bbox 379 1158 506 1222; x_wconf 91' lang='lat' dir='ltr'>mundo</span> <span class='ocrx_word' id='word_1_35' title='bbox 528 1158 693 1241; x_wconf 81' lang='lat' dir='ltr'>spirituali</span> <span class='ocrx_word' id='word_1_36' title='bbox 718 1160 871 1241; x_wconf 81' lang='lat' dir='ltr'>cognitio</span> <span class='ocrx_word' id='word_1_37' title='bbox 894 1170 930 1223; x_wconf 92' lang='lat' dir='ltr'>et</span> <span class='ocrx_word' id='word_1_38' title='bbox 946 1161 1083 1243; x_wconf 78' lang='lat' dir='ltr'>¹agnitio</span> <span class='ocrx_word' id='word_1_39' title='bbox 1105 1161 1230 1225; x_wconf 69' lang='lat' dir='ltr'>sedant</span> <span class='ocrx_word' id='word_1_40' title='bbox 1253 1181 1329 1225; x_wconf 90' lang='lat' dir='ltr'>om·</span> 
     </span>
     <span class='ocr_line' id='line_1_6' title="bbox 201 1251 1329 1337; baseline 0.002 -22"><span class='ocrx_word' id='word_1_41' title='bbox 201 1271 289 1329; x_wconf 50' lang='lat' dir='ltr'>‚nem</span> <span class='ocrx_word' id='word_1_42' title='bbox 311 1254 550 1334; x_wconf 80' lang='lat' dir='ltr'>praesentiam,</span> <span class='ocrx_word' id='word_1_43' title='bbox 569 1263 605 1317; x_wconf 92' lang='lat' dir='ltr'>et</span> <span class='ocrx_word' id='word_1_44' title='bbox 627 1253 718 1335; x_wconf 90' lang='lat' dir='ltr'>quod</span> <span class='ocrx_word' id='word_1_45' title='bbox 740 1251 874 1317; x_wconf 71' lang='lat' dir='ltr'>affediio</span> <span class='ocrx_word' id='word_1_46' title='bbox 896 1274 982 1337; x_wconf 86' lang='lat' dir='ltr'>quae</span> <span class='ocrx_word' id='word_1_47' title='bbox 1004 1263 1058 1318; x_wconf 91' lang='lat' dir='ltr'>est</span> <span class='ocrx_word' id='word_1_48' title='bbox 1079 1256 1204 1317; x_wconf 86' lang='lat' dir='ltr'>amoris</span> <span class='ocrx_word' id='word_1_49' title='bbox 1226 1254 1329 1319; x_wconf 78' lang='lat' dir='ltr'>faciat</span> 
     </span>
     <span class='ocr_line' id='line_1_7' title="bbox 210 1344 1329 1429; baseline 0.004 -20"><span class='ocrx_word' id='word_1_50' title='bbox 210 1366 347 1410; x_wconf 78' lang='lat' dir='ltr'>omnem</span> <span class='ocrx_word' id='word_1_51' title='bbox 370 1344 662 1427; x_wconf 67' lang='lat' dir='ltr'>conjundiionem</span> <span class='ocrx_word' id='word_1_52' title='bbox 696 1349 807 1429; x_wconf 86' lang='lat' dir='ltr'>spatia</span> <span class='ocrx_word' id='word_1_53' title='bbox 835 1350 926 1413; x_wconf 88' lang='lat' dir='ltr'>enim</span> <span class='ocrx_word' id='word_1_54' title='bbox 956 1348 1001 1411; x_wconf 93' lang='lat' dir='ltr'>ibi</span> <span class='ocrx_word' id='word_1_55' title='bbox 1030 1368 1099 1413; x_wconf 85' lang='lat' dir='ltr'>non</span> <span class='ocrx_word' id='word_1_56' title='bbox 1130 1346 1220 1413; x_wconf 77' lang='lat' dir='ltr'>aliud</span> <span class='ocrx_word' id='word_1_57' title='bbox 1249 1360 1329 1414; x_wconf 89' lang='lat' dir='ltr'>sunt</span> 
     </span>
     <span class='ocr_line' id='line_1_8' title="bbox 211 1442 1327 1523; baseline 0.004 -18"><span class='ocrx_word' id='word_1_58' title='bbox 211 1460 311 1523; x_wconf 82' lang='lat' dir='ltr'>quam</span> <span class='ocrx_word' id='word_1_59' title='bbox 329 1443 548 1522; x_wconf 86' lang='lat' dir='ltr'>apparentiae</span> <span class='ocrx_word' id='word_1_60' title='bbox 566 1442 751 1507; x_wconf 77' lang='lat' dir='ltr'>secunduun</span> <span class='ocrx_word' id='word_1_61' title='bbox 770 1442 1024 1508; x_wconf 86' lang='lat' dir='ltr'>similitudinem</span> <span class='ocrx_word' id='word_1_62' title='bbox 1043 1444 1243 1516; x_wconf 88' lang='lat' dir='ltr'>animorum,</span> <span class='ocrx_word' id='word_1_63' title='bbox 1263 1444 1327 1509; x_wconf 90' lang='lat' dir='ltr'>hoc</span> 
     </span>
     <span class='ocr_line' id='line_1_9' title="bbox 211 1532 1329 1620; baseline 0.004 -22"><span class='ocrx_word' id='word_1_64' title='bbox 211 1545 274 1609; x_wconf 90' lang='lat' dir='ltr'>est,</span> <span class='ocrx_word' id='word_1_65' title='bbox 294 1532 508 1597; x_wconf 73' lang='lat' dir='ltr'>affectionum</span> <span class='ocrx_word' id='word_1_66' title='bbox 531 1545 567 1599; x_wconf 90' lang='lat' dir='ltr'>et</span> <span class='ocrx_word' id='word_1_67' title='bbox 590 1536 668 1599; x_wconf 93' lang='lat' dir='ltr'>inde</span> <span class='ocrx_word' id='word_1_68' title='bbox 687 1536 956 1618; x_wconf 65' lang='lat' dir='ltr'>cogitationum</span> <span class='ocrx_word' id='word_1_69' title='bbox 984 1556 1087 1618; x_wconf 87' lang='lat' dir='ltr'>quare</span> <span class='ocrx_word' id='word_1_70' title='bbox 1110 1556 1186 1599; x_wconf 88' lang='lat' dir='ltr'>cum</span> <span class='ocrx_word' id='word_1_71' title='bbox 1210 1538 1329 1620; x_wconf 88' lang='lat' dir='ltr'>aliquis</span> 
     </span>
     <span class='ocr_line' id='line_1_10' title="bbox 211 1628 1329 1710; baseline 0.002 -17"><span class='ocrx_word' id='word_1_72' title='bbox 211 1630 391 1710; x_wconf 72' lang='lat' dir='ltr'>cognoscit</span> <span class='ocrx_word' id='word_1_73' title='bbox 412 1628 557 1693; x_wconf 85' lang='lat' dir='ltr'>alterum</span> <span class='ocrx_word' id='word_1_74' title='bbox 576 1628 635 1693; x_wconf 92' lang='lat' dir='ltr'>vel</span> <span class='ocrx_word' id='word_1_75' title='bbox 664 1650 711 1693; x_wconf 80' lang='lat' dir='ltr'>ex</span> <span class='ocrx_word' id='word_1_76' title='bbox 739 1630 839 1705; x_wconf 80' lang='lat' dir='ltr'>sama,</span> <span class='ocrx_word' id='word_1_77' title='bbox 864 1628 918 1693; x_wconf 91' lang='lat' dir='ltr'>vel</span> <span class='ocrx_word' id='word_1_78' title='bbox 947 1650 993 1693; x_wconf 86' lang='lat' dir='ltr'>ex</span> <span class='ocrx_word' id='word_1_79' title='bbox 1023 1631 1228 1695; x_wconf 90' lang='lat' dir='ltr'>commercio</span> <span class='ocrx_word' id='word_1_80' title='bbox 1252 1651 1329 1695; x_wconf 90' lang='lat' dir='ltr'>cum</span> 
     </span>
     <span class='ocr_line' id='line_1_11' title="bbox 211 1722 1330 1799; baseline 0.004 -14"><span class='ocrx_word' id='word_1_81' title='bbox 211 1723 280 1799; x_wconf 88' lang='lat' dir='ltr'>illo,</span> <span class='ocrx_word' id='word_1_82' title='bbox 304 1722 427 1786; x_wconf 88' lang='lat' dir='ltr'>velex</span> <span class='ocrx_word' id='word_1_83' title='bbox 450 1724 720 1799; x_wconf 86' lang='lat' dir='ltr'>conversatione,</span> <span class='ocrx_word' id='word_1_84' title='bbox 740 1723 795 1787; x_wconf 88' lang='lat' dir='ltr'>vel</span> <span class='ocrx_word' id='word_1_85' title='bbox 817 1744 863 1786; x_wconf 90' lang='lat' dir='ltr'>ex</span> <span class='ocrx_word' id='word_1_86' title='bbox 885 1722 1062 1799; x_wconf 86' lang='lat' dir='ltr'>affinitate,</span> <span class='ocrx_word' id='word_1_87' title='bbox 1083 1722 1163 1787; x_wconf 91' lang='lat' dir='ltr'>dum</span> <span class='ocrx_word' id='word_1_88' title='bbox 1186 1746 1232 1789; x_wconf 88' lang='lat' dir='ltr'>ex</span> <span class='ocrx_word' id='word_1_89' title='bbox 1253 1726 1330 1791; x_wconf 89' lang='lat' dir='ltr'>idea</span> 
     </span>
    </p>
   </div>
   <div class='ocr_carea' id='block_1_3' title="bbox 211 1817 1432 1900">
    <p class='ocr_par' dir='ltr' id='par_1_3' title="bbox 211 1817 1432 1900">
     <span class='ocr_line' id='line_1_12' title="bbox 211 1817 1432 1900; baseline 0.001 -18"><span class='ocrx_word' id='word_1_90' title='bbox 211 1818 417 1899; x_wconf 80' lang='lat' dir='ltr'>cognitionis</span> <span class='ocrx_word' id='word_1_91' title='bbox 444 1817 542 1881; x_wconf 87' lang='lat' dir='ltr'>istius</span> <span class='ocrx_word' id='word_1_92' title='bbox 570 1818 613 1881; x_wconf 87' lang='lat' dir='ltr'>de</span> <span class='ocrx_word' id='word_1_93' title='bbox 640 1817 701 1881; x_wconf 88' lang='lat' dir='ltr'>ilio</span> <span class='ocrx_word' id='word_1_94' title='bbox 731 1818 875 1899; x_wconf 88' lang='lat' dir='ltr'>cogitat,</span> <span class='ocrx_word' id='word_1_95' title='bbox 909 1817 1038 1881; x_wconf 89' lang='lat' dir='ltr'>sistitur</span> <span class='ocrx_word' id='word_1_96' title='bbox 1069 1817 1127 1883; x_wconf 91' lang='lat' dir='ltr'>ille</span> <span class='ocrx_word' id='word_1_97' title='bbox 1157 1838 1327 1900; x_wconf 86' lang='lat' dir='ltr'>praesens,</span> <span class='ocrx_word' id='word_1_98' title='bbox 1427 1820 1432 1832; x_wconf 85' lang='lat'>&#39;</span> 
     </span>
    </p>
   </div>
   <div class='ocr_carea' id='block_1_4' title="bbox 208 1910 1330 2840">
    <p class='ocr_par' dir='ltr' id='par_1_4' title="bbox 208 1910 1330 2840">
     <span class='ocr_line' id='line_1_13' title="bbox 210 1910 1329 1993; baseline 0.002 -18"><span class='ocrx_word' id='word_1_99' title='bbox 210 1912 349 1975; x_wconf 80' lang='lat' dir='ltr'>tametsi</span> <span class='ocrx_word' id='word_1_100' title='bbox 371 1910 489 1993; x_wconf 87' lang='lat' dir='ltr'>procul</span> <span class='ocrx_word' id='word_1_101' title='bbox 514 1911 601 1975; x_wconf 88' lang='lat' dir='ltr'>foret</span> <span class='ocrx_word' id='word_1_102' title='bbox 623 1912 667 1974; x_wconf 90' lang='lat' dir='ltr'>ad</span> <span class='ocrx_word' id='word_1_103' title='bbox 694 1911 788 1975; x_wconf 89' lang='lat' dir='ltr'>mille</span> <span class='ocrx_word' id='word_1_104' title='bbox 810 1911 922 1975; x_wconf 89' lang='lat' dir='ltr'>stadia</span> <span class='ocrx_word' id='word_1_105' title='bbox 945 1912 988 1975; x_wconf 89' lang='lat' dir='ltr'>ad</span> <span class='ocrx_word' id='word_1_106' title='bbox 1010 1914 1265 1993; x_wconf 64' lang='lat' dir='ltr'>apparentiam</span> <span class='ocrx_word' id='word_1_107' title='bbox 1294 1923 1329 1977; x_wconf 91' lang='lat' dir='ltr'>et</span> 
     </span>
     <span class='ocr_line' id='line_1_14' title="bbox 210 2004 1329 2088; baseline 0.002 -19"><span class='ocrx_word' id='word_1_108' title='bbox 210 2006 238 2069; x_wconf 89' lang='lat' dir='ltr'>si</span> <span class='ocrx_word' id='word_1_109' title='bbox 254 2004 377 2088; x_wconf 88' lang='lat' dir='ltr'>aliquis</span> <span class='ocrx_word' id='word_1_110' title='bbox 391 2004 537 2071; x_wconf 86' lang='lat' dir='ltr'>alterum</span> <span class='ocrx_word' id='word_1_111' title='bbox 551 2025 652 2087; x_wconf 86' lang='lat' dir='ltr'>quem</span> <span class='ocrx_word' id='word_1_112' title='bbox 669 2006 849 2086; x_wconf 84' lang='lat' dir='ltr'>cognoscit</span> <span class='ocrx_word' id='word_1_113' title='bbox 865 2006 969 2069; x_wconf 88' lang='lat' dir='ltr'>etiarn</span> <span class='ocrx_word' id='word_1_114' title='bbox 984 2014 1089 2079; x_wconf 83' lang='lat' dir='ltr'>amat,</span> <span class='ocrx_word' id='word_1_115' title='bbox 1103 2006 1236 2070; x_wconf 83' lang='lat' dir='ltr'>habitat</span> <span class='ocrx_word' id='word_1_116' title='bbox 1252 2028 1329 2073; x_wconf 89' lang='lat' dir='ltr'>cum</span> 
     </span>
     <span class='ocr_line' id='line_1_15' title="bbox 208 2099 1329 2171; baseline 0.001 -6"><span class='ocrx_word' id='word_1_117' title='bbox 208 2099 270 2165; x_wconf 86' lang='lat' dir='ltr'>iiio</span> <span class='ocrx_word' id='word_1_118' title='bbox 283 2100 322 2165; x_wconf 79' lang='lat' dir='ltr'>is</span> <span class='ocrx_word' id='word_1_119' title='bbox 340 2120 407 2163; x_wconf 86' lang='lat' dir='ltr'>uua</span> <span class='ocrx_word' id='word_1_120' title='bbox 421 2101 599 2171; x_wconf 88' lang='lat' dir='ltr'>societate,</span> <span class='ocrx_word' id='word_1_121' title='bbox 616 2109 652 2163; x_wconf 89' lang='lat' dir='ltr'>et</span> <span class='ocrx_word' id='word_1_122' title='bbox 669 2101 698 2163; x_wconf 88' lang='lat' dir='ltr'>si</span> <span class='ocrx_word' id='word_1_123' title='bbox 716 2100 835 2163; x_wconf 91' lang='lat' dir='ltr'>intime</span> <span class='ocrx_word' id='word_1_124' title='bbox 854 2109 947 2165; x_wconf 87' lang='lat' dir='ltr'>amat</span> <span class='ocrx_word' id='word_1_125' title='bbox 966 2100 1000 2163; x_wconf 93' lang='lat' dir='ltr'>in</span> <span class='ocrx_word' id='word_1_126' title='bbox 1020 2119 1085 2165; x_wconf 79' lang='lat' dir='ltr'>una</span> <span class='ocrx_word' id='word_1_127' title='bbox 1103 2101 1216 2164; x_wconf 90' lang='lat' dir='ltr'>domo.</span> <span class='ocrx_word' id='word_1_128' title='bbox 1262 2101 1329 2166; x_wconf 91' lang='lat' dir='ltr'>Hic</span> 
     </span>
     <span class='ocr_line' id='line_1_16' title="bbox 209 2193 1330 2276; baseline 0.002 -19"><span class='ocrx_word' id='word_1_129' title='bbox 209 2203 321 2257; x_wconf 85' lang='lat' dir='ltr'>status</span> <span class='ocrx_word' id='word_1_130' title='bbox 339 2202 393 2257; x_wconf 91' lang='lat' dir='ltr'>est</span> <span class='ocrx_word' id='word_1_131' title='bbox 412 2194 562 2257; x_wconf 87' lang='lat' dir='ltr'>omnium</span> <span class='ocrx_word' id='word_1_132' title='bbox 582 2195 616 2257; x_wconf 91' lang='lat' dir='ltr'>in</span> <span class='ocrx_word' id='word_1_133' title='bbox 634 2202 711 2258; x_wconf 90' lang='lat' dir='ltr'>toto</span> <span class='ocrx_word' id='word_1_134' title='bbox 730 2194 858 2257; x_wconf 87' lang='lat' dir='ltr'>mundo</span> <span class='ocrx_word' id='word_1_135' title='bbox 877 2193 1058 2276; x_wconf 80' lang='lat' dir='ltr'>spirituali;</span> <span class='ocrx_word' id='word_1_136' title='bbox 1081 2204 1118 2256; x_wconf 90' lang='lat' dir='ltr'>et</span> <span class='ocrx_word' id='word_1_137' title='bbox 1139 2194 1195 2257; x_wconf 88' lang='lat' dir='ltr'>ille</span> <span class='ocrx_word' id='word_1_138' title='bbox 1218 2204 1330 2259; x_wconf 89' lang='lat' dir='ltr'>status</span> 
     </span>
     <span class='ocr_line' id='line_1_17' title="bbox 210 2286 1330 2371; baseline 0.002 -18"><span class='ocrx_word' id='word_1_139' title='bbox 210 2288 361 2353; x_wconf 88' lang='lat' dir='ltr'>omnium</span> <span class='ocrx_word' id='word_1_140' title='bbox 377 2289 481 2351; x_wconf 89' lang='lat' dir='ltr'>trahit</span> <span class='ocrx_word' id='word_1_141' title='bbox 497 2289 662 2369; x_wconf 85' lang='lat' dir='ltr'>originem</span> <span class='ocrx_word' id='word_1_142' title='bbox 681 2308 726 2351; x_wconf 89' lang='lat' dir='ltr'>ex</span> <span class='ocrx_word' id='word_1_143' title='bbox 743 2309 797 2364; x_wconf 90' lang='lat' dir='ltr'>eo,</span> <span class='ocrx_word' id='word_1_144' title='bbox 813 2288 904 2371; x_wconf 88' lang='lat' dir='ltr'>quod</span> <span class='ocrx_word' id='word_1_145' title='bbox 924 2286 1090 2351; x_wconf 88' lang='lat' dir='ltr'>Dominus</span> <span class='ocrx_word' id='word_1_146' title='bbox 1106 2290 1267 2353; x_wconf 90' lang='lat' dir='ltr'>unicuivis</span> <span class='ocrx_word' id='word_1_147' title='bbox 1285 2291 1330 2355; x_wconf 89' lang='lat' dir='ltr'>sit</span> 
     </span>
     <span class='ocr_line' id='line_1_18' title="bbox 210 2379 1329 2464; baseline 0 -18"><span class='ocrx_word' id='word_1_148' title='bbox 210 2402 371 2464; x_wconf 88' lang='lat' dir='ltr'>praesens</span> <span class='ocrx_word' id='word_1_149' title='bbox 389 2382 574 2445; x_wconf 90' lang='lat' dir='ltr'>secundum</span> <span class='ocrx_word' id='word_1_150' title='bbox 595 2381 725 2457; x_wconf 88' lang='lat' dir='ltr'>Fidem,</span> <span class='ocrx_word' id='word_1_151' title='bbox 741 2392 778 2446; x_wconf 93' lang='lat' dir='ltr'>et</span> <span class='ocrx_word' id='word_1_152' title='bbox 796 2379 995 2463; x_wconf 72' lang='lat' dir='ltr'>conjundtus</span> <span class='ocrx_word' id='word_1_153' title='bbox 1014 2382 1199 2445; x_wconf 89' lang='lat' dir='ltr'>secundum</span> <span class='ocrx_word' id='word_1_154' title='bbox 1219 2382 1329 2449; x_wconf 89' lang='lat' dir='ltr'>Amo-</span> 
     </span>
     <span class='ocr_line' id='line_1_19' title="bbox 210 2474 1329 2559; baseline 0.001 -20"><span class='ocrx_word' id='word_1_155' title='bbox 210 2496 292 2541; x_wconf 85' lang='lat' dir='ltr'>rem.</span> <span class='ocrx_word' id='word_1_156' title='bbox 338 2474 440 2539; x_wconf 89' lang='lat' dir='ltr'>Fides</span> <span class='ocrx_word' id='word_1_157' title='bbox 462 2484 498 2539; x_wconf 89' lang='lat' dir='ltr'>et</span> <span class='ocrx_word' id='word_1_158' title='bbox 523 2476 602 2540; x_wconf 90' lang='lat' dir='ltr'>inde</span> <span class='ocrx_word' id='word_1_159' title='bbox 625 2477 817 2557; x_wconf 85' lang='lat' dir='ltr'>praesentia</span> <span class='ocrx_word' id='word_1_160' title='bbox 840 2475 978 2540; x_wconf 90' lang='lat' dir='ltr'>Domini</span> <span class='ocrx_word' id='word_1_161' title='bbox 1001 2475 1100 2541; x_wconf 88' lang='lat' dir='ltr'>datur</span> <span class='ocrx_word' id='word_1_162' title='bbox 1129 2497 1188 2559; x_wconf 89' lang='lat' dir='ltr'>per</span> <span class='ocrx_word' id='word_1_163' title='bbox 1210 2478 1329 2559; x_wconf 89' lang='lat' dir='ltr'>cogni·</span> 
     </span>
     <span class='ocr_line' id='line_1_20' title="bbox 210 2568 1329 2653; baseline 0 -20"><span class='ocrx_word' id='word_1_164' title='bbox 210 2571 323 2633; x_wconf 89' lang='lat' dir='ltr'>tiones</span> <span class='ocrx_word' id='word_1_165' title='bbox 341 2571 524 2635; x_wconf 87' lang='lat' dir='ltr'>veritatum</span> <span class='ocrx_word' id='word_1_166' title='bbox 546 2590 591 2633; x_wconf 83' lang='lat' dir='ltr'>ex</span> <span class='ocrx_word' id='word_1_167' title='bbox 611 2569 739 2645; x_wconf 87' lang='lat' dir='ltr'>Verbo,</span> <span class='ocrx_word' id='word_1_168' title='bbox 758 2570 921 2652; x_wconf 89' lang='lat' dir='ltr'>imprimis</span> <span class='ocrx_word' id='word_1_169' title='bbox 940 2569 983 2633; x_wconf 94' lang='lat' dir='ltr'>de</span> <span class='ocrx_word' id='word_1_170' title='bbox 1006 2570 1085 2653; x_wconf 89' lang='lat' dir='ltr'>Ipso</span> <span class='ocrx_word' id='word_1_171' title='bbox 1107 2568 1256 2633; x_wconf 91' lang='lat' dir='ltr'>Domino</span> <span class='ocrx_word' id='word_1_172' title='bbox 1274 2570 1329 2635; x_wconf 90' lang='lat' dir='ltr'>ibi.</span> 
     </span>
     <span class='ocr_line' id='line_1_21' title="bbox 211 2661 1330 2748; baseline 0 -20"><span class='ocrx_word' id='word_1_173' title='bbox 211 2662 322 2728; x_wconf 84' lang='lat' dir='ltr'>Amor</span> <span class='ocrx_word' id='word_1_174' title='bbox 346 2673 462 2728; x_wconf 89' lang='lat' dir='ltr'>autem</span> <span class='ocrx_word' id='word_1_175' title='bbox 488 2672 525 2728; x_wconf 89' lang='lat' dir='ltr'>et</span> <span class='ocrx_word' id='word_1_176' title='bbox 550 2664 628 2728; x_wconf 92' lang='lat' dir='ltr'>inde</span> <span class='ocrx_word' id='word_1_177' title='bbox 651 2661 843 2746; x_wconf 70' lang='lat' dir='ltr'>coujuudiio</span> <span class='ocrx_word' id='word_1_178' title='bbox 866 2664 966 2730; x_wconf 88' lang='lat' dir='ltr'>datur</span> <span class='ocrx_word' id='word_1_179' title='bbox 992 2684 1051 2748; x_wconf 89' lang='lat' dir='ltr'>per</span> <span class='ocrx_word' id='word_1_180' title='bbox 1076 2666 1182 2731; x_wconf 84' lang='lat' dir='ltr'>vitam</span> <span class='ocrx_word' id='word_1_181' title='bbox 1208 2684 1330 2729; x_wconf 89' lang='lat' dir='ltr'>secun·</span> 
     </span>
     <span class='ocr_line' id='line_1_22' title="bbox 211 2757 1040 2840; baseline 0 -18"><span class='ocrx_word' id='word_1_182' title='bbox 211 2757 292 2822; x_wconf 86' lang='lat' dir='ltr'>dum</span> <span class='ocrx_word' id='word_1_183' title='bbox 309 2766 494 2840; x_wconf 86' lang='lat' dir='ltr'>praecepta</span> <span class='ocrx_word' id='word_1_184' title='bbox 513 2757 640 2840; x_wconf 87' lang='lat' dir='ltr'>Ipsius;</span> <span class='ocrx_word' id='word_1_185' title='bbox 663 2778 743 2822; x_wconf 86' lang='lat' dir='ltr'>nam</span> <span class='ocrx_word' id='word_1_186' title='bbox 761 2758 844 2822; x_wconf 92' lang='lat' dir='ltr'>dicit</span> <span class='ocrx_word' id='word_1_187' title='bbox 864 2757 1040 2836; x_wconf 90' lang='lat' dir='ltr'>Dominus,</span> 
     </span>
    </p>
   </div>
   <div class='ocr_carea' id='block_1_5' title="bbox 262 2909 1331 3046">
    <p class='ocr_par' dir='ltr' id='par_1_5' title="bbox 262 2909 1331 3046">
     <span class='ocr_line' id='line_1_23' title="bbox 262 2909 1331 2976; baseline 0.005 -17"><span class='ocrx_word' id='word_1_188' title='bbox 262 2909 339 2975; x_wconf 74' lang='lat' dir='ltr'>“Qui</span> <span class='ocrx_word' id='word_1_189' title='bbox 356 2911 438 2960; x_wconf 72' lang='lat' dir='ltr'>habet</span> <span class='ocrx_word' id='word_1_190' title='bbox 449 2919 592 2974; x_wconf 82' lang='lat' dir='ltr'>praecepta</span> <span class='ocrx_word' id='word_1_191' title='bbox 603 2911 667 2960; x_wconf 81' lang='lat' dir='ltr'>Mea</span> <span class='ocrx_word' id='word_1_192' title='bbox 677 2921 705 2960; x_wconf 80' lang='lat' dir='ltr'>et</span> <span class='ocrx_word' id='word_1_193' title='bbox 715 2911 779 2962; x_wconf 70' lang='lat' dir='ltr'>iecit</span> <span class='ocrx_word' id='word_1_194' title='bbox 790 2911 844 2970; x_wconf 79' lang='lat' dir='ltr'>ills,</span> <span class='ocrx_word' id='word_1_195' title='bbox 859 2913 904 2961; x_wconf 87' lang='lat' dir='ltr'>ille</span> <span class='ocrx_word' id='word_1_196' title='bbox 915 2921 957 2961; x_wconf 85' lang='lat' dir='ltr'>est</span> <span class='ocrx_word' id='word_1_197' title='bbox 969 2913 1013 2976; x_wconf 88' lang='lat' dir='ltr'>qui</span> <span class='ocrx_word' id='word_1_198' title='bbox 1025 2923 1097 2962; x_wconf 78' lang='lat' dir='ltr'>emat</span> <span class='ocrx_word' id='word_1_199' title='bbox 1110 2913 1155 2963; x_wconf 83' lang='lat' dir='ltr'>Me</span> <span class='ocrx_word' id='word_1_200' title='bbox 1165 2927 1171 2972; x_wconf 86' lang='lat'><strong>;</strong></span> <span class='ocrx_word' id='word_1_201' title='bbox 1194 2923 1221 2963; x_wconf 87' lang='lat' dir='ltr'>et</span> <span class='ocrx_word' id='word_1_202' title='bbox 1233 2916 1331 2964; x_wconf 85' lang='lat' dir='ltr'>amabo</span> 
     </span>
     <span class='ocr_line' id='line_1_24' title="bbox 341 2977 1213 3046; baseline 0.006 -21"><span class='ocrx_word' id='word_1_203' title='bbox 341 2977 425 3034; x_wconf 84' lang='lat' dir='ltr'>ilium,</span> <span class='ocrx_word' id='word_1_204' title='bbox 436 2986 465 3026; x_wconf 85' lang='lat' dir='ltr'>et</span> <span class='ocrx_word' id='word_1_205' title='bbox 474 2977 644 3027; x_wconf 72' lang='lat' dir='ltr'>tunsionem</span> <span class='ocrx_word' id='word_1_206' title='bbox 655 2978 725 3040; x_wconf 72' lang='lat' dir='ltr'>apud</span> <span class='ocrx_word' id='word_1_207' title='bbox 737 2979 813 3028; x_wconf 83' lang='lat' dir='ltr'>illum</span> <span class='ocrx_word' id='word_1_208' title='bbox 824 2978 922 3028; x_wconf 68' lang='lat' dir='ltr'>ioeism</span> <span class='ocrx_word' id='word_1_209' title='bbox 930 2977 944 2998; x_wconf 89' lang='lat'><strong>”</strong></span> <span class='ocrx_word' id='word_1_210' title='bbox 956 2978 1032 3046; x_wconf 60' lang='grc' dir='ltr'>(Μ.</span> <span class='ocrx_word' id='word_1_211' title='bbox 1043 2979 1097 3030; x_wconf 85' lang='lat' dir='ltr'>ru&#39;v.</span> <span class='ocrx_word' id='word_1_212' title='bbox 1109 2979 1213 3042; x_wconf 66' lang='lat'>21-24).</span> 
     </span>
    </p>
   </div>
   <div class='ocr_carea' id='block_1_6' title="bbox 203 3134 1332 4724">
    <p class='ocr_par' dir='ltr' id='par_1_6' title="bbox 203 3134 1332 4724">
     <span class='ocr_line' id='line_1_25' title="bbox 211 3134 1330 3220; baseline -0.002 -16"><span class='ocrx_word' id='word_1_213' title='bbox 211 3137 280 3204; x_wconf 86' lang='lat' dir='ltr'>Sed</span> <span class='ocrx_word' id='word_1_214' title='bbox 311 3135 485 3220; x_wconf 85' lang='lat' dir='ltr'>quomodo</span> <span class='ocrx_word' id='word_1_215' title='bbox 519 3135 585 3200; x_wconf 89' lang='lat' dir='ltr'>hoc</span> <span class='ocrx_word' id='word_1_216' title='bbox 618 3134 667 3214; x_wconf 83' lang='lat' dir='ltr'>fit,</span> <span class='ocrx_word' id='word_1_217' title='bbox 701 3137 805 3204; x_wconf 82' lang='lat' dir='ltr'>etiam</span> <span class='ocrx_word' id='word_1_218' title='bbox 841 3137 973 3202; x_wconf 89' lang='lat' dir='ltr'>dicetur</span> <span class='ocrx_word' id='word_1_219' title='bbox 984 3137 1203 3201; x_wconf 89' lang='lat' dir='ltr'>:-Dominus</span> <span class='ocrx_word' id='word_1_220' title='bbox 1236 3147 1330 3202; x_wconf 86' lang='lat' dir='ltr'>amat</span> 
     </span>
     <span class='ocr_line' id='line_1_26' title="bbox 211 3230 1331 3316; baseline -0.002 -18"><span class='ocrx_word' id='word_1_221' title='bbox 211 3231 478 3316; x_wconf 88' lang='lat' dir='ltr'>unumquemvis,</span> <span class='ocrx_word' id='word_1_222' title='bbox 499 3241 535 3295; x_wconf 90' lang='lat' dir='ltr'>et</span> <span class='ocrx_word' id='word_1_223' title='bbox 558 3230 631 3295; x_wconf 90' lang='lat' dir='ltr'>vult</span> <span class='ocrx_word' id='word_1_224' title='bbox 649 3230 809 3312; x_wconf 85' lang='lat' dir='ltr'>conjungi</span> <span class='ocrx_word' id='word_1_225' title='bbox 831 3230 917 3308; x_wconf 90' lang='lat' dir='ltr'>illis;</span> <span class='ocrx_word' id='word_1_226' title='bbox 945 3231 1005 3296; x_wconf 91' lang='lat' dir='ltr'>sed</span> <span class='ocrx_word' id='word_1_227' title='bbox 1024 3250 1092 3294; x_wconf 92' lang='lat' dir='ltr'>non</span> <span class='ocrx_word' id='word_1_228' title='bbox 1113 3240 1228 3314; x_wconf 92' lang='lat' dir='ltr'>potest</span> <span class='ocrx_word' id='word_1_229' title='bbox 1246 3251 1331 3296; x_wconf 92' lang='lat' dir='ltr'>con·</span> 
     </span>
     <span class='ocr_line' id='line_1_27' title="bbox 207 3323 1331 3411; baseline -0.004 -19"><span class='ocrx_word' id='word_1_230' title='bbox 207 3326 302 3411; x_wconf 86' lang='lat' dir='ltr'>jungi</span> <span class='ocrx_word' id='word_1_231' title='bbox 320 3326 480 3409; x_wconf 88' lang='lat' dir='ltr'>quamdiu</span> <span class='ocrx_word' id='word_1_232' title='bbox 497 3325 602 3390; x_wconf 89' lang='lat' dir='ltr'>homo</span> <span class='ocrx_word' id='word_1_233' title='bbox 620 3327 653 3389; x_wconf 92' lang='lat' dir='ltr'>in</span> <span class='ocrx_word' id='word_1_234' title='bbox 669 3323 818 3405; x_wconf 92' lang='lat' dir='ltr'>jucundo</span> <span class='ocrx_word' id='word_1_235' title='bbox 834 3324 915 3388; x_wconf 81' lang='lat' dir='ltr'>mali</span> <span class='ocrx_word' id='word_1_236' title='bbox 933 3335 997 3402; x_wconf 91' lang='lat' dir='ltr'>est,</span> <span class='ocrx_word' id='word_1_237' title='bbox 1015 3335 1114 3408; x_wconf 90' lang='lat' dir='ltr'>prout</span> <span class='ocrx_word' id='word_1_238' title='bbox 1133 3327 1167 3389; x_wconf 92' lang='lat' dir='ltr'>in</span> <span class='ocrx_word' id='word_1_239' title='bbox 1182 3325 1331 3405; x_wconf 89' lang='lat' dir='ltr'>jucundo</span> 
     </span>
     <span class='ocr_line' id='line_1_28' title="bbox 211 3418 1329 3499; baseline -0.003 -12"><span class='ocrx_word' id='word_1_240' title='bbox 211 3421 335 3486; x_wconf 89' lang='lat' dir='ltr'>odendi</span> <span class='ocrx_word' id='word_1_241' title='bbox 354 3431 390 3484; x_wconf 92' lang='lat' dir='ltr'>et</span> <span class='ocrx_word' id='word_1_242' title='bbox 412 3419 617 3494; x_wconf 88' lang='lat' dir='ltr'>vindicandi,</span> <span class='ocrx_word' id='word_1_243' title='bbox 637 3421 671 3482; x_wconf 92' lang='lat' dir='ltr'>in</span> <span class='ocrx_word' id='word_1_244' title='bbox 686 3418 836 3499; x_wconf 85' lang='lat' dir='ltr'>jucundo</span> <span class='ocrx_word' id='word_1_245' title='bbox 855 3418 1071 3484; x_wconf 87' lang='lat' dir='ltr'>adulterandi</span> <span class='ocrx_word' id='word_1_246' title='bbox 1089 3429 1125 3484; x_wconf 90' lang='lat' dir='ltr'>et</span> <span class='ocrx_word' id='word_1_247' title='bbox 1144 3421 1329 3494; x_wconf 84' lang='lat' dir='ltr'>scortandi,</span> 
     </span>
     <span class='ocr_line' id='line_1_29' title="bbox 210 3512 1331 3596; baseline -0.004 -16"><span class='ocrx_word' id='word_1_248' title='bbox 210 3517 244 3580; x_wconf 89' lang='lat' dir='ltr'>in</span> <span class='ocrx_word' id='word_1_249' title='bbox 267 3515 417 3596; x_wconf 86' lang='lat' dir='ltr'>jucundo</span> <span class='ocrx_word' id='word_1_250' title='bbox 439 3513 668 3596; x_wconf 87' lang='lat' dir='ltr'>depraedandi</span> <span class='ocrx_word' id='word_1_251' title='bbox 691 3534 750 3576; x_wconf 93' lang='lat' dir='ltr'>seu</span> <span class='ocrx_word' id='word_1_252' title='bbox 772 3513 902 3578; x_wconf 87' lang='lat' dir='ltr'>furandi</span> <span class='ocrx_word' id='word_1_253' title='bbox 928 3514 990 3577; x_wconf 92' lang='lat' dir='ltr'>sub</span> <span class='ocrx_word' id='word_1_254' title='bbox 1013 3512 1127 3596; x_wconf 85' lang='lat' dir='ltr'>aliqua</span> <span class='ocrx_word' id='word_1_255' title='bbox 1150 3515 1272 3596; x_wconf 90' lang='lat' dir='ltr'>specie,</span> <span class='ocrx_word' id='word_1_256' title='bbox 1297 3514 1331 3576; x_wconf 91' lang='lat' dir='ltr'>in</span> 
     </span>
     <span class='ocr_line' id='line_1_30' title="bbox 206 3608 1331 3692; baseline -0.003 -18"><span class='ocrx_word' id='word_1_257' title='bbox 206 3609 358 3692; x_wconf 84' lang='lat' dir='ltr'>jucundo</span> <span class='ocrx_word' id='word_1_258' title='bbox 375 3608 634 3690; x_wconf 81' lang='lat' dir='ltr'>blasphemandi</span> <span class='ocrx_word' id='word_1_259' title='bbox 652 3617 688 3670; x_wconf 91' lang='lat' dir='ltr'>et</span> <span class='ocrx_word' id='word_1_260' title='bbox 711 3609 908 3682; x_wconf 90' lang='lat' dir='ltr'>mentiendi,</span> <span class='ocrx_word' id='word_1_261' title='bbox 929 3609 1028 3691; x_wconf 92' lang='lat' dir='ltr'>inque</span> <span class='ocrx_word' id='word_1_262' title='bbox 1047 3609 1331 3690; x_wconf 88' lang='lat' dir='ltr'>concupiscentiis</span> 
     </span>
     <span class='ocr_line' id='line_1_31' title="bbox 203 3701 1331 3786; baseline -0.003 -19"><span class='ocrx_word' id='word_1_263' title='bbox 203 3704 337 3770; x_wconf 66' lang='lat' dir='ltr'>amoris</span> <span class='ocrx_word' id='word_1_264' title='bbox 354 3703 405 3766; x_wconf 90' lang='lat' dir='ltr'>sui</span> <span class='ocrx_word' id='word_1_265' title='bbox 426 3712 463 3765; x_wconf 87' lang='lat' dir='ltr'>et</span> <span class='ocrx_word' id='word_1_266' title='bbox 482 3702 617 3778; x_wconf 83' lang='lat' dir='ltr'>mundi3</span> <span class='ocrx_word' id='word_1_267' title='bbox 646 3702 757 3764; x_wconf 87' lang='lat' dir='ltr'>omnis</span> <span class='ocrx_word' id='word_1_268' title='bbox 774 3703 865 3766; x_wconf 90' lang='lat' dir='ltr'>enim</span> <span class='ocrx_word' id='word_1_269' title='bbox 884 3703 939 3786; x_wconf 91' lang='lat' dir='ltr'>qui</span> <span class='ocrx_word' id='word_1_270' title='bbox 961 3703 995 3764; x_wconf 92' lang='lat' dir='ltr'>in</span> <span class='ocrx_word' id='word_1_271' title='bbox 1018 3701 1084 3766; x_wconf 92' lang='lat' dir='ltr'>illis</span> <span class='ocrx_word' id='word_1_272' title='bbox 1106 3712 1170 3778; x_wconf 91' lang='lat' dir='ltr'>est,</span> <span class='ocrx_word' id='word_1_273' title='bbox 1192 3703 1224 3764; x_wconf 90' lang='lat' dir='ltr'>in</span> <span class='ocrx_word' id='word_1_274' title='bbox 1247 3723 1331 3766; x_wconf 94' lang='lat' dir='ltr'>con·</span> 
     </span>
     <span class='ocr_line' id='line_1_32' title="bbox 211 3795 1331 3878; baseline -0.002 -16"><span class='ocrx_word' id='word_1_275' title='bbox 211 3799 319 3862; x_wconf 89' lang='lat' dir='ltr'>sortio</span> <span class='ocrx_word' id='word_1_276' title='bbox 346 3806 400 3861; x_wconf 91' lang='lat' dir='ltr'>est</span> <span class='ocrx_word' id='word_1_277' title='bbox 430 3815 508 3860; x_wconf 91' lang='lat' dir='ltr'>cum</span> <span class='ocrx_word' id='word_1_278' title='bbox 537 3795 681 3858; x_wconf 85' lang='lat' dir='ltr'>diabolis</span> <span class='ocrx_word' id='word_1_279' title='bbox 711 3795 766 3878; x_wconf 91' lang='lat' dir='ltr'>qui</span> <span class='ocrx_word' id='word_1_280' title='bbox 798 3796 831 3858; x_wconf 92' lang='lat' dir='ltr'>in</span> <span class='ocrx_word' id='word_1_281' title='bbox 864 3795 998 3859; x_wconf 87' lang='lat' dir='ltr'>Inserno</span> <span class='ocrx_word' id='word_1_282' title='bbox 1028 3806 1116 3860; x_wconf 89' lang='lat' dir='ltr'>sunt.</span> <span class='ocrx_word' id='word_1_283' title='bbox 1161 3796 1331 3861; x_wconf 89' lang='lat' dir='ltr'>Dominus</span> 
     </span>
     <span class='ocr_line' id='line_1_33' title="bbox 211 3889 1330 3976; baseline -0.004 -19"><span class='ocrx_word' id='word_1_284' title='bbox 211 3893 348 3976; x_wconf 88' lang='lat' dir='ltr'>quidem</span> <span class='ocrx_word' id='word_1_285' title='bbox 365 3901 459 3954; x_wconf 86' lang='lat' dir='ltr'>amat</span> <span class='ocrx_word' id='word_1_286' title='bbox 479 3889 556 3953; x_wconf 91' lang='lat' dir='ltr'>illos</span> <span class='ocrx_word' id='word_1_287' title='bbox 573 3891 678 3955; x_wconf 88' lang='lat' dir='ltr'>etiam</span> <span class='ocrx_word' id='word_1_288' title='bbox 696 3890 751 3963; x_wconf 91' lang='lat' dir='ltr'>ibi,</span> <span class='ocrx_word' id='word_1_289' title='bbox 769 3890 829 3953; x_wconf 91' lang='lat' dir='ltr'>sed</span> <span class='ocrx_word' id='word_1_290' title='bbox 853 3910 921 3953; x_wconf 91' lang='lat' dir='ltr'>non</span> <span class='ocrx_word' id='word_1_291' title='bbox 941 3899 1056 3972; x_wconf 89' lang='lat' dir='ltr'>potest</span> <span class='ocrx_word' id='word_1_292' title='bbox 1075 3889 1235 3972; x_wconf 84' lang='lat' dir='ltr'>conjungi</span> <span class='ocrx_word' id='word_1_293' title='bbox 1254 3890 1330 3965; x_wconf 85' lang='lat' dir='ltr'>illis,</span> 
     </span>
     <span class='ocr_line' id='line_1_34' title="bbox 211 3982 1330 4064; baseline -0.004 -14"><span class='ocrx_word' id='word_1_294' title='bbox 211 3987 274 4050; x_wconf 90' lang='lat' dir='ltr'>nisi</span> <span class='ocrx_word' id='word_1_295' title='bbox 303 3994 543 4049; x_wconf 85' lang='lat' dir='ltr'>removeantur</span> <span class='ocrx_word' id='word_1_296' title='bbox 565 3982 713 4064; x_wconf 87' lang='lat' dir='ltr'>jucunda</span> <span class='ocrx_word' id='word_1_297' title='bbox 739 3982 904 4048; x_wconf 86' lang='lat' dir='ltr'>malorum</span> <span class='ocrx_word' id='word_1_298' title='bbox 932 3985 1092 4062; x_wconf 89' lang='lat' dir='ltr'>istorum;</span> <span class='ocrx_word' id='word_1_299' title='bbox 1126 3994 1162 4049; x_wconf 92' lang='lat' dir='ltr'>et</span> <span class='ocrx_word' id='word_1_300' title='bbox 1192 4005 1234 4048; x_wconf 89' lang='lat' dir='ltr'>ea</span> <span class='ocrx_word' id='word_1_301' title='bbox 1262 4004 1330 4047; x_wconf 94' lang='lat' dir='ltr'>non</span> 
     </span>
     <span class='ocr_line' id='line_1_35' title="bbox 209 4077 1332 4162; baseline 0 -20"><span class='ocrx_word' id='word_1_302' title='bbox 209 4089 355 4162; x_wconf 87' lang='lat' dir='ltr'>possunt</span> <span class='ocrx_word' id='word_1_303' title='bbox 384 4078 550 4142; x_wconf 88' lang='lat' dir='ltr'>removeri</span> <span class='ocrx_word' id='word_1_304' title='bbox 576 4098 597 4141; x_wconf 89' lang='lat' dir='ltr'>a</span> <span class='ocrx_word' id='word_1_305' title='bbox 622 4077 783 4154; x_wconf 90' lang='lat' dir='ltr'>Domino,</span> <span class='ocrx_word' id='word_1_306' title='bbox 811 4077 874 4142; x_wconf 86' lang='lat' dir='ltr'>nisi</span> <span class='ocrx_word' id='word_1_307' title='bbox 904 4079 1008 4142; x_wconf 87' lang='lat' dir='ltr'>homo</span> <span class='ocrx_word' id='word_1_308' title='bbox 1034 4077 1192 4160; x_wconf 84' lang='lat' dir='ltr'>exploret</span> <span class='ocrx_word' id='word_1_309' title='bbox 1217 4099 1266 4154; x_wconf 88' lang='lat' dir='ltr'>se,</span> <span class='ocrx_word' id='word_1_310' title='bbox 1295 4089 1332 4143; x_wconf 92' lang='lat' dir='ltr'>ut</span> 
     </span>
     <span class='ocr_line' id='line_1_36' title="bbox 210 4170 1331 4254; baseline -0.002 -16"><span class='ocrx_word' id='word_1_311' title='bbox 210 4175 298 4238; x_wconf 91' lang='lat' dir='ltr'>sciat</span> <span class='ocrx_word' id='word_1_312' title='bbox 314 4193 374 4236; x_wconf 90' lang='lat' dir='ltr'>sua</span> <span class='ocrx_word' id='word_1_313' title='bbox 390 4172 490 4247; x_wconf 88' lang='lat' dir='ltr'>mala,</span> <span class='ocrx_word' id='word_1_314' title='bbox 507 4180 675 4254; x_wconf 87' lang='lat' dir='ltr'>agnoscat</span> <span class='ocrx_word' id='word_1_315' title='bbox 691 4182 727 4234; x_wconf 90' lang='lat' dir='ltr'>et</span> <span class='ocrx_word' id='word_1_316' title='bbox 742 4170 946 4236; x_wconf 85' lang='lat' dir='ltr'>confiteatur</span> <span class='ocrx_word' id='word_1_317' title='bbox 965 4170 1022 4236; x_wconf 88' lang='lat' dir='ltr'>illa</span> <span class='ocrx_word' id='word_1_318' title='bbox 1037 4192 1151 4236; x_wconf 86' lang='lat' dir='ltr'>coram</span> <span class='ocrx_word' id='word_1_319' title='bbox 1168 4172 1331 4248; x_wconf 89' lang='lat' dir='ltr'>Domino,</span> 
     </span>
     <span class='ocr_line' id='line_1_37' title="bbox 211 4265 1331 4348; baseline -0.003 -15"><span class='ocrx_word' id='word_1_320' title='bbox 211 4289 251 4333; x_wconf 89' lang='lat' dir='ltr'>ac</span> <span class='ocrx_word' id='word_1_321' title='bbox 270 4267 355 4332; x_wconf 86' lang='lat' dir='ltr'>velit</span> <span class='ocrx_word' id='word_1_322' title='bbox 373 4267 537 4331; x_wconf 84' lang='lat' dir='ltr'>desistere</span> <span class='ocrx_word' id='word_1_323' title='bbox 554 4266 599 4331; x_wconf 85' lang='lat' dir='ltr'>ab</span> <span class='ocrx_word' id='word_1_324' title='bbox 616 4265 692 4340; x_wconf 88' lang='lat' dir='ltr'>illis,</span> <span class='ocrx_word' id='word_1_325' title='bbox 710 4275 746 4331; x_wconf 89' lang='lat' dir='ltr'>et</span> <span class='ocrx_word' id='word_1_326' title='bbox 764 4267 812 4329; x_wconf 91' lang='lat' dir='ltr'>sic</span> <span class='ocrx_word' id='word_1_327' title='bbox 832 4267 1077 4347; x_wconf 87' lang='lat' dir='ltr'>paenitentiam</span> <span class='ocrx_word' id='word_1_328' title='bbox 1096 4286 1208 4348; x_wconf 88' lang='lat' dir='ltr'>agere.</span> <span class='ocrx_word' id='word_1_329' title='bbox 1253 4266 1331 4330; x_wconf 91' lang='lat' dir='ltr'>Hoc</span> 
     </span>
     <span class='ocr_line' id='line_1_38' title="bbox 209 4359 1332 4443; baseline -0.003 -17"><span class='ocrx_word' id='word_1_330' title='bbox 209 4363 313 4428; x_wconf 75' lang='lat' dir='ltr'>saciet</span> <span class='ocrx_word' id='word_1_331' title='bbox 332 4362 436 4425; x_wconf 91' lang='lat' dir='ltr'>homo</span> <span class='ocrx_word' id='word_1_332' title='bbox 454 4361 541 4424; x_wconf 90' lang='lat' dir='ltr'>sicut</span> <span class='ocrx_word' id='word_1_333' title='bbox 561 4381 583 4424; x_wconf 89' lang='lat' dir='ltr'>a</span> <span class='ocrx_word' id='word_1_334' title='bbox 604 4380 651 4434; x_wconf 90' lang='lat' dir='ltr'>se,</span> <span class='ocrx_word' id='word_1_335' title='bbox 670 4359 749 4442; x_wconf 85' lang='lat' dir='ltr'>quia</span> <span class='ocrx_word' id='word_1_336' title='bbox 765 4379 834 4424; x_wconf 89' lang='lat' dir='ltr'>non</span> <span class='ocrx_word' id='word_1_337' title='bbox 854 4361 959 4422; x_wconf 88' lang='lat' dir='ltr'>sentit</span> <span class='ocrx_word' id='word_1_338' title='bbox 977 4361 1068 4442; x_wconf 89' lang='lat' dir='ltr'>quod</span> <span class='ocrx_word' id='word_1_339' title='bbox 1087 4360 1188 4424; x_wconf 85' lang='lat' dir='ltr'>saciat</span> <span class='ocrx_word' id='word_1_340' title='bbox 1207 4360 1332 4443; x_wconf 87' lang='lat' dir='ltr'>aliquid</span> 
     </span>
     <span class='ocr_line' id='line_1_39' title="bbox 211 4451 1332 4536; baseline -0.002 -16"><span class='ocrx_word' id='word_1_341' title='bbox 211 4477 232 4520; x_wconf 92' lang='lat' dir='ltr'>a</span> <span class='ocrx_word' id='word_1_342' title='bbox 250 4456 420 4532; x_wconf 91' lang='lat' dir='ltr'>Domino;</span> <span class='ocrx_word' id='word_1_343' title='bbox 450 4463 485 4518; x_wconf 94' lang='lat' dir='ltr'>et</span> <span class='ocrx_word' id='word_1_344' title='bbox 507 4454 572 4518; x_wconf 90' lang='lat' dir='ltr'>hoc</span> <span class='ocrx_word' id='word_1_345' title='bbox 596 4453 714 4518; x_wconf 89' lang='lat' dir='ltr'>datum</span> <span class='ocrx_word' id='word_1_346' title='bbox 737 4463 790 4518; x_wconf 92' lang='lat' dir='ltr'>est</span> <span class='ocrx_word' id='word_1_347' title='bbox 813 4453 951 4528; x_wconf 89' lang='lat' dir='ltr'>homini,</span> <span class='ocrx_word' id='word_1_348' title='bbox 971 4455 1048 4536; x_wconf 88' lang='lat' dir='ltr'>quia</span> <span class='ocrx_word' id='word_1_349' title='bbox 1071 4451 1274 4534; x_wconf 74' lang='lat' dir='ltr'>conjunctio,</span> <span class='ocrx_word' id='word_1_350' title='bbox 1295 4466 1332 4518; x_wconf 89' lang='lat' dir='ltr'>ut</span> 
     </span>
     <span class='ocr_line' id='line_1_40' title="bbox 211 4545 1332 4631; baseline -0.003 -16"><span class='ocrx_word' id='word_1_351' title='bbox 211 4553 256 4615; x_wconf 91' lang='lat' dir='ltr'>sit</span> <span class='ocrx_word' id='word_1_352' title='bbox 274 4545 478 4631; x_wconf 66' lang='lat' dir='ltr'>conjunt&#39;tio,</span> <span class='ocrx_word' id='word_1_353' title='bbox 496 4549 559 4612; x_wconf 90' lang='lat' dir='ltr'>erit</span> <span class='ocrx_word' id='word_1_354' title='bbox 578 4549 751 4630; x_wconf 87' lang='lat' dir='ltr'>reciproca</span> <span class='ocrx_word' id='word_1_355' title='bbox 768 4547 915 4611; x_wconf 88' lang='lat' dir='ltr'>hominis</span> <span class='ocrx_word' id='word_1_356' title='bbox 930 4567 1007 4612; x_wconf 90' lang='lat' dir='ltr'>cum</span> <span class='ocrx_word' id='word_1_357' title='bbox 1027 4547 1186 4622; x_wconf 86' lang='lat' dir='ltr'>Domino,</span> <span class='ocrx_word' id='word_1_358' title='bbox 1203 4559 1240 4612; x_wconf 91' lang='lat' dir='ltr'>et</span> <span class='ocrx_word' id='word_1_359' title='bbox 1259 4548 1332 4612; x_wconf 90' lang='lat' dir='ltr'>Do-</span> 
     </span>
     <span class='ocr_line' id='line_1_41' title="bbox 213 4639 1332 4724; baseline -0.004 -14"><span class='ocrx_word' id='word_1_360' title='bbox 213 4646 294 4710; x_wconf 90' lang='lat' dir='ltr'>mini</span> <span class='ocrx_word' id='word_1_361' title='bbox 312 4663 390 4709; x_wconf 90' lang='lat' dir='ltr'>cum</span> <span class='ocrx_word' id='word_1_362' title='bbox 408 4643 555 4708; x_wconf 87' lang='lat' dir='ltr'>homine.</span> <span class='ocrx_word' id='word_1_363' title='bbox 601 4639 776 4724; x_wconf 86' lang='lat' dir='ltr'>Quantum</span> <span class='ocrx_word' id='word_1_364' title='bbox 794 4643 909 4724; x_wconf 90' lang='lat' dir='ltr'>itaque</span> <span class='ocrx_word' id='word_1_365' title='bbox 932 4643 978 4706; x_wconf 89' lang='lat' dir='ltr'>sic</span> <span class='ocrx_word' id='word_1_366' title='bbox 1003 4653 1219 4706; x_wconf 88' lang='lat' dir='ltr'>removentur</span> <span class='ocrx_word' id='word_1_367' title='bbox 1241 4642 1332 4706; x_wconf 88' lang='lat' dir='ltr'>mala</span> 
     </span>
    </p>
   </div>
   <div class='ocr_carea' id='block_1_7' title="bbox 0 0 1699 5400">
    <p class='ocr_par' dir='ltr' id='par_1_7' title="bbox 0 0 1699 5400">
     <span class='ocr_line' id='line_1_42' title="bbox 0 0 1699 5400; baseline 0 0"><span class='ocrx_word' id='word_1_368' title='bbox 0 0 1699 5400; x_wconf 95' lang='lat' dir='ltr'> </span> 
     </span>
    </p>
   </div>
  </div>
 </body>
</html>
