3384 5400
604 653 988 706 tiemonem-ene.
1008 655 1083 708 xw.
1341 655 1404 726 559

284 841 377 897 prope
389 834 476 881 esset.
516 825 554 881 Et
573 825 721 892 dixerunt,
736 824 817 880 “Ea-
906 823 944 878 Et
956 834 1029 879 tunc
1048 824 1202 895 respondit
1219 823 1265 879 vir
1282 823 1401 894 sapiens

284 922 349 960 mus
356 916 387 961 et
396 906 549 976 capiamus
563 905 643 960 illam
657 907 771 968 urbem,
785 915 816 960 et
867 905 964 960 urbis:
985 905 1118 960 “Dixisti
1137 905 1219 976 quod
1237 905 1334 960 simile
1352 904 1400 968 sit,

283 987 436 1056 ejiciamus
449 987 640 1049 habitatores,
649 999 681 1042 et
693 987 816 1059 deprae-
866 985 929 1039 sive
941 986 1069 1040 charitas
1081 996 1217 1041 sumatur
1226 984 1400 1055 primarium

283 1067 389 1121 demur
403 1068 481 1121 bona
494 1067 640 1122 illorum.”
868 1064 1025 1128 Ecclesiae.
1037 1067 1101 1122 sive
1120 1065 1203 1128 tides,
1217 1065 1308 1120 modo
1326 1080 1400 1119 con·

319 1146 533 1210 Accesseruntt
557 1149 610 1204 sed
631 1157 696 1202 erat
714 1164 816 1203 murus
865 1161 971 1202 sensus
991 1147 1032 1200 sit
1051 1146 1133 1217 quod
1158 1156 1285 1217 utraque
1310 1144 1401 1200 iaciat

283 1225 393 1280 circum
409 1227 497 1290 illam.
510 1237 542 1284 et
558 1228 655 1300 angeli
674 1228 816 1284 custodes
867 1225 1030 1281 Ecclesiam
1054 1238 1085 1280 et
1109 1226 1175 1296 ejus
1201 1225 1398 1297 Religionem.

284 1323 372 1376 super
385 1324 479 1362 muro.
867 1305 906 1361 Et
912 1317 1013 1361 tamen
1021 1306 1180 1362 discrimen
1192 1317 1239 1362 est
1251 1307 1338 1377 quale
1353 1306 1397 1360 in·

320 1387 356 1442 Et
376 1398 447 1442 tunc
465 1389 612 1450 dixerunt,
629 1387 815 1459 “Capiemus
865 1396 912 1440 ter
924 1387 1004 1456 prius
1022 1397 1053 1440 et
1069 1386 1225 1457 posterius,
1239 1385 1317 1441 inter
1329 1403 1399 1441 cau-

283 1467 362 1521 illam
370 1469 541 1538 perdolum;
552 1469 705 1526 mittamus
712 1483 816 1539 quern·
864 1483 928 1522 sam
940 1477 972 1522 et
984 1465 1132 1528 eflectum,
1146 1465 1224 1521 inter
1237 1467 1398 1537 principale

283 1547 351 1601 dam
370 1547 514 1604 artificem
533 1549 662 1619 peritum
679 1549 815 1604 mussita-
864 1558 896 1601 et
909 1545 1141 1607 instrumentale,
1152 1546 1229 1600 inter
1239 1547 1398 1602 essentiale

282 1627 379 1690 tionis,
405 1629 456 1698 qui
483 1637 583 1698 potest
608 1628 744 1683 dealbare
771 1628 815 1682 ni·
864 1637 896 1681 et
907 1625 1042 1682 formale.
1077 1625 1162 1682 Talia
1170 1626 1239 1681 dico
1251 1627 1322 1697 quia
1334 1628 1398 1682 ani-

282 1706 815 1782 grumacdenigrarealbum.etiniu·
865 1709 1011 1763 madverti
1035 1708 1117 1779 quod
1142 1707 1183 1763 sis
1206 1708 1279 1762 artis
1305 1718 1399 1764 meta-

282 1803 348 1843 care
362 1805 424 1843 rem
438 1788 568 1858 cujusvis
581 1785 719 1858 objetiil'
865 1787 1004 1858 physicae
1014 1804 1230 1859 gnants,quam
1239 1797 1334 1850 artem
1343 1805 1399 1843 nos

320 1867 357 1922 Et
382 1869 521 1924 inventus
546 1879 592 1924 est
610 1885 686 1923 unus
705 1883 815 1938 gnarus
864 1868 1397 1939 vocamusmussitationemetaliqui

282 1949 353 2006 artis
378 1949 607 2020 metaphysime,
633 1948 683 2020 qui
716 1950 814 2019 potuit
865 1948 1107 2004 incantationem.
1129 1948 1397 2020 Sedrelinquamus

281 2039 396 2084 vertere
411 2029 491 2084 ideas
506 2045 602 2085 rerum
618 2029 648 2083 in
662 2028 742 2084 ideas
755 2038 814 2084 ter·
865 2027 931 2084 illos
955 2029 1107 2084 terminos.
1157 2028 1210 2086 Est
1237 2029 1397 2084 discrimen

281 2109 439 2171 minorum,
451 2125 487 2164 ac
505 2109 584 2179 ipsas
599 2125 646 2164 res
664 2109 813 2164 occultare
863 2109 941 2164 sicut
953 2109 1032 2164 inter
1044 2109 1074 2164 id
1093 2110 1174 2181 quod
1193 2126 1284 2180 supra
1301 2120 1347 2164 est
1365 2120 1397 2164 et

281 2190 336 2244 sub
349 2188 493 2252 formulis,
506 2199 537 2244 et
549 2189 592 2244 sic
604 2190 723 2245 avolare
735 2189 814 2244 sicut
864 2190 894 2244 id
906 2191 989 2260 quod
1002 2189 1078 2245 inira
1086 2200 1146 2255 est;
1165 2190 1234 2252 imo,
1245 2191 1270 2245 si
1281 2191 1325 2245 vis
1334 2207 1397 2245 cre·

280 2269 422 2340 accipiter
444 2285 512 2324 cum
539 2271 647 2340 praeda
671 2271 726 2324 sub
750 2269 813 2325 alis.
863 2271 940 2333 dere,
961 2282 1008 2326 est
1032 2271 1192 2326 discrimen
1216 2271 1294 2326 sicut
1319 2271 1398 2325 inter

283 2348 336 2404 ille
364 2347 524 2404 instrutius
556 2351 711 2421 quomodo
744 2366 812 2405 cum
863 2349 985 2406 Caelum
999 2361 1030 2406 et
1043 2350 1211 2414 Inlemum;
1230 2367 1299 2405 nam
1312 2352 1395 2423 quod

281 2431 400 2484 urbanis
419 2431 598 2501 loqueretur,
611 2431 693 2502 quod
712 2442 813 2488 essent
863 2431 1034 2501 primarium
1059 2441 1113 2494 est,
1133 2431 1191 2486 hoc
1212 2430 1284 2486 lacit
1305 2441 1397 2501 caput

280 2510 410 2566 consocii
436 2511 466 2565 in
493 2510 656 2583 Religione‚
675 2521 707 2567 et
730 2513 812 2583 quod
862 2523 894 2566 et
910 2510 1022 2582 peetus,
1041 2523 1073 2567 et
1091 2512 1174 2582 quod
1192 2511 1261 2566 inde
1274 2521 1321 2566 est
1338 2511 1397 2566 hoc

282 2591 520 2646 immitterentur.
862 2591 934 2648 iacit
942 2593 1033 2663 pedes
1041 2603 1072 2646 et
1080 2609 1182 2647 eorum
1191 2592 1315 2662 plantas.
1335 2591 1395 2647 Sed

317 2669 370 2727 llle
382 2672 526 2727 accedens
535 2671 573 2727 ad
587 2681 704 2743 portam
716 2672 812 2743 pulsa·
860 2673 1074 2730 conveniamus
1088 2673 1310 2743 primum.'quid
1325 2673 1396 2728 cha-

280 2753 339 2814 vit3
358 2768 418 2823 qua
435 2763 538 2822 aperta
551 2753 634 2815 dixit,
647 2755 729 2824 quod
742 2770 811 2809 cum
862 2755 932 2809 ritas
953 2766 984 2810 et
996 2755 1067 2826 quid
1086 2754 1175 2816 fidest
1200 2755 1281 2825 quod
1300 2754 1396 2810 chari·

280 2832 501 2901 sapientissimo
523 2832 600 2888 illius
622 2834 703 2889 urbis
721 2834 812 2890 vellet
860 2844 908 2889 tas
928 2835 968 2889 sit
988 2833 1109 2891 atlediio
1132 2834 1243 2890 amoris
1268 2833 1397 2889 faciendi

281 2912 371 2983 loqui.
409 2912 454 2967 Ac
468 2913 597 2975 intravit,
616 2924 647 2969 et
665 2913 811 2971 deductus
862 2916 998 2985 proximo
1017 2917 1128 2971 bonum
1148 2926 1269 2986 propter
1288 2915 1393 2976 Deum.

279 2994 542 3064 estadquendam;
561 3004 592 3049 et
601 3005 673 3050 tunc
681 2997 719 3051 ad
728 2995 811 3049 illum
860 2996 986 3051 salutem
1011 3007 1042 3051 et
1059 2996 1151 3051 vitam
1174 3006 1339 3058 aetemam;
1364 3005 1394 3049 et
1480 3042 1486 3052 .

279 3073 811 3145 loquebaturdicens‚“Suntmeiira-
860 3077 942 3146 quod
953 3075 1027 3131 fides
1037 3076 1076 3130 sit
1085 3076 1229 3147 cogitatio
1238 3092 1276 3129 ex
1286 3073 1395 3129 fiducia

279 3164 339 3209 tres
363 3165 447 3209 extra
470 3156 583 3217 urbem,
603 3165 634 3209 et
653 3166 759 3225 petunt
777 3167 811 3211 ut
860 3157 899 3211 de
912 3155 986 3217 Deo,
999 3157 1094 3211 salute
1107 3168 1138 3211 et
1149 3156 1212 3210 vita
1224 3167 1353 3210 aeterna.

279 3234 474 3305 recipiantur:
492 3247 562 3289 sunt
570 3236 702 3290 consocii
713 3235 742 3289 in
753 3236 811 3291 Re·
894 3235 953 3292 Sed
961 3237 1037 3291 dixit
1047 3234 1394 3298 Emissarius‚“Concedo

279 3314 403 3386 ligione;
420 3331 475 3369 vos
484 3325 515 3369 et
525 3315 711 3371 nosiacimus
721 3316 809 3371 fidem
860 3317 941 3389 quod
969 3318 1028 3371 hoc
1053 3318 1093 3372 sit
1117 3316 1200 3378 fides,
1221 3326 1253 3371 et
1274 3331 1394 3387 quoque

278 3405 310 3450 et
340 3395 515 3449 charitatem
541 3396 604 3450 duo
635 3395 811 3467 Essentialia
859 3398 994 3452 concedo
1006 3398 1087 3468 quod
1097 3396 1227 3451 charitas
1238 3396 1278 3451 sit
1289 3396 1339 3450 illa
1347 3396 1392 3450 al·

280 3474 445 3546 Religionis
454 3492 463 3544 ;ι
478 3475 637 3530 discrimen
650 3476 746 3531 solum
755 3487 808 3538 est.
859 3475 950 3533 ietiio
968 3488 1089 3548 propter
1103 3476 1209 3539 Deum,
1222 3476 1292 3547 quia
1304 3493 1393 3547 prop-

278 3556 360 3625 quod
371 3571 427 3610 vos
440 3554 545 3609 dicatis
554 3554 730 3612 charitatem
745 3574 809 3612 esse
859 3567 906 3612 ter
918 3559 1092 3612 mandatum
1108 3558 1196 3628 Ejus;
1217 3574 1278 3611 non
1290 3568 1392 3612 autem

279 3636 449 3706 primarium
469 3646 500 3691 et
518 3634 587 3689 inde
600 3635 698 3698 fidem.
711 3646 743 3691 et
755 3654 809 3693 nos
859 3650 981 3709 propter
992 3639 1119 3693 salutem
1138 3648 1169 3693 et
1187 3637 1279 3693 vitam
1298 3647 1393 3692 aeter·

278 3716 403 3771 dicimus
434 3715 523 3770 fidem
548 3731 612 3771 esse
637 3716 808 3787 primarium
859 3719 954 3773 nam.’'

278 3806 310 3850 et
320 3796 388 3851 inde
397 3797 588 3859 charitatem
606 3796 678 3867 quid
688 3796 808 3852 reiertsi
896 3798 1235 3869 Etdixitsapiensurbis,
1246 3797 1310 3853 “Sit
1323 3798 1391 3860 hoc.

278 3892 371 3931 unum
380 3885 433 3931 aut
441 3877 566 3931 alterum
578 3877 692 3933 dicatur
701 3878 809 3948 prima·
859 3879 951 3933 modo
963 3879 1002 3934 sit
1015 3890 1137 3949 propter
1151 3878 1274 3934 Deum.’'

278 3956 362 4018 rium,
375 3972 443 4010 cum
458 3966 616 4027 utrumque
628 3958 785 4013 creditur.''
895 3958 969 4014 Post
981 3960 1057 4014 hanc
1070 3959 1300 4015 conventionem
1314 3958 1392 4013 dixit

312 4034 436 4106 Sapiens
447 4036 528 4091 urbis
541 4036 702 4107 respondit.
714 4044 729 4066 ‘⁸
740 4037 806 4092 Non
857 4039 976 4110 sapiens
1001 4040 1090 4102 urbis,
1109 4040 1245 4095 “Annon
1270 4036 1391 4093 aiiediio

276 4115 433 4186 loquamur
447 4116 486 4170 de
504 4115 561 4170 hac
578 4132 609 4171 re
628 4117 691 4179 soli,
705 4118 756 4171 sed
777 4118 807 4172 in
857 4131 903 4175 eat
915 4120 1086 4191 primarium
1099 4130 1130 4175 et
1139 4120 1283 4191 cogitatio
1293 4117 1391 4174 inde.'’

277 4195 443 4265 praesentia
461 4194 598 4265 plurium,
615 4196 666 4266 qui
684 4196 744 4251 sint
762 4213 807 4252 ar·
892 4200 936 4255 At
967 4200 1074 4256 missus
1103 4216 1122 4255 a
1144 4200 1281 4256 Dracone
1305 4200 1390 4263 dixit,

276 4275 344 4329 bitri
358 4285 389 4330 et
400 4276 530 4345 judices:
553 4276 685 4347 alioquin
699 4293 760 4332 non
774 4278 807 4333 lit
857 4279 950 4335 “Hoc
963 4281 1067 4351 neg0.''

275 4356 412 4411 decisl0.”
892 4359 952 4415 Sed
984 4377 1159 4431 responsum
1191 4360 1268 4423 tulit.
1294 4360 1389 4416 “Non

312 4435 350 4491 Et
358 4446 431 4490 tunc
440 4436 571 4491 arcessiti
581 4428 666 4499 sunt}
683 4439 806 4510 adquos
856 4452 942 4510 potes
961 4441 991 4495 id
1011 4458 1127 4513 negare.
1164 4441 1276 4496 Annon
1296 4440 1389 4494 homo

277 4514 457 4570 Draconicus
481 4514 589 4571 similla
612 4518 710 4581 verba,
729 4536 805 4591 quae
854 4521 968 4590 cogitat
989 4537 1026 4576 ex
1047 4518 1220 4581 affectione
1244 4518 1328 4576 auier
1345 4520 1390 4575 al·

277 4595 364 4665 prius,
378 4594 563 4667 loquebatur.
855 4598 1025 4664 ieiiionem
1050 4618 1122 4655 num
1146 4602 1278 4673 cogitare
1303 4610 1389 4672 potes
