3384 5400
562 621 641 673 cnr.
658 621 747 684 xxi,
764 620 867 671 vens.
883 620 992 689 9.-u.
1009 608 1080 689 895.
1317 609 1378 691 803

259 787 317 853 Ex
338 792 390 855 his
413 803 448 857 et
470 792 536 857 illis
558 802 716 857 constare
739 801 864 875 potest,
884 792 975 875 quod
998 812 1057 875 per
1076 792 1230 857 “timidis
1252 801 1377 867 autem,

257 894 294 947 et
315 886 437 963 infidis,
456 898 492 952 et
510 887 819 961 abominabilibus,”
838 886 1067 969 significentur
1089 887 1136 951 illi
1155 889 1210 970 qui
1233 889 1266 952 in
1286 888 1377 952 nulla

257 980 325 1045 fide
348 992 437 1061 sunt,
459 992 495 1046 et
524 984 558 1045 in
581 982 673 1045 nulla
695 983 872 1057 charitate,
897 994 931 1045 et
954 982 1032 1047 inde
1055 983 1087 1045 in
1111 984 1221 1045 omnis
1243 984 1377 1064 generis

259 1076 366 1139 malis.

317 1172 417 1254 892.
444 1179 463 1210 ‘¹
473 1172 512 1235 tr
529 1171 696 1245 homicidis,
710 1176 745 1234 ot
762 1172 998 1245 scortatoribus,
1020 1177 1054 1236 st
1071 1166 1325 1245 incantatoribus,
1346 1180 1381 1235 ot

257 1261 436 1335 &sinistris
448 1269 482 1325 st
496 1262 659 1342 [omnibus]
673 1262 907 1333 mordacitas!
918 1262 1084 1343 significat
1099 1282 1210 1324 omnes
1225 1261 1303 1325 illos
1317 1262 1378 1343 qui

258 1354 360 1417 nitati
379 1354 514 1434 faciunt
540 1364 718 1436 praecepta
745 1353 913 1435 Decalogi,
939 1364 972 1417 et
1003 1374 1065 1415 non
1088 1354 1232 1435 fagiunt
1262 1354 1377 1436 aliqua

258 1447 348 1510 mala
366 1448 416 1510 ibi
430 1448 597 1511 nominata
616 1456 653 1510 ut
666 1457 809 1527 peccata,
829 1458 861 1510 et
881 1446 952 1511 ideo
969 1447 1087 1511 vivunt
1108 1448 1143 1509 in
1161 1445 1376 1528 illis-Quid

258 1561 316 1623 per
334 1552 478 1624 quatuor
493 1552 675 1624 praecepta
694 1542 870 1623 Decalogi,
887 1562 973 1625 quae
991 1554 1068 1604 sunt
1086 1542 1194 1604 “Non
1213 1541 1377 1615 occides,”

259 1641 278 1666 ‘⁶
290 1634 367 1698 Non
386 1634 657 1710 adulteraberis,'¹
674 1635 782 1699 “Non
798 1635 984 1709 furaberis,”
996 1646 1030 1698 et
1049 1634 1155 1698 “Non
1171 1634 1253 1698 salse
1269 1645 1376 1699 testa-

233 1728 374 1802 .beris,”
403 1730 437 1791 in
467 1729 588 1812 triplici
618 1727 737 1805 Sensu,
769 1730 924 1805 naturali,
955 1730 1128 1812 spirituali,
1160 1740 1195 1793 et
1225 1729 1375 1805 caelesti,

257 1821 474 1904 significatur,
497 1823 652 1887 videatur
681 1826 714 1887 in
737 1824 900 1888 Dolin'na
930 1824 1025 1890 Vitae
1048 1834 1114 1905 pro
1135 1824 1234 1887 Nova
1254 1822 1375 1887 Hiero-

257 1916 383 1997 solyma
408 1915 454 1999 (n.
477 1917 621 1999 62-91);
656 1938 758 1999 quare
788 1938 858 1981 non
887 1938 971 2001 opus
1001 1928 1054 1981 est
1084 1918 1141 1981 illa
1171 1919 1233 1981 hic·
1254 1920 1375 1981 iterum

257 2011 438 2094 explicare.
483 2009 551 2075 Sed
581 2032 642 2094 pro
668 2014 814 2093 septimo
844 2025 1037 2095 praecepto,
1065 2014 1155 2095 quod
1186 2010 1238 2075 est
1266 2011 1374 2075 “Non

257 2104 444 2180 furaberis,”
456 2107 672 2169 nominantur
687 2107 741 2171 hic
756 2106 1014 2172 “incantatores
1027 2116 1061 2171 et
1078 2105 1278 2171 idololatrae
1291 2105 1317 2183 ;”
1339 2115 1375 2170 et
1474 2129 1478 2137 ·

257 2220 316 2281 per
339 2200 620 2266 “incantatores’'
643 2198 874 2282 significantur
896 2202 951 2283 qui
980 2202 1149 2283 inquirunt
1173 2220 1262 2275 vera,
1287 2219 1374 2283 quae

256 2292 444 2369 falsificant,
464 2305 501 2357 ut
524 2315 583 2376 per
601 2294 659 2357 illa
680 2294 881 2360 confirment
903 2294 986 2357 falsa
1008 2305 1044 2358 et
1066 2295 1166 2369 mala,
1186 2295 1271 2357 sicut
1295 2294 1374 2358 iaci-

257 2399 316 2453 unt
340 2389 389 2451 illi
410 2391 466 2471 qui
488 2399 663 2453 assumunt
686 2388 751 2453 hoc
770 2409 896 2464 verum,
918 2389 1014 2467 Quod
1028 2410 1118 2452 nemo
1135 2388 1247 2470 possit
1259 2389 1376 2468 facere

257 2483 373 2547 bonum
390 2504 413 2545 a
435 2505 479 2559 se,
498 2495 534 2549 et
557 2504 616 2565 per
637 2484 670 2546 id
689 2483 890 2548 confirmant
909 2484 1017 2549 solam
1037 2484 1176 2560 Fidem,
1200 2483 1264 2547 hoc
1285 2484 1374 2549 enim

256 2589 309 2641 est
327 2580 456 2660 species
474 2579 550 2641 furti
569 2578 767 2659 spiritualis:
791 2578 871 2661 quid
890 2600 990 2661 porro
1007 2579 1204 2653 incantatio,
1221 2578 1375 2653 videatur

255 2693 355 2756 supra
375 2671 422 2755 (n.
437 2672 536 2754 462):
561 2692 620 2756 per
638 2672 887 2738 “idololatras’'
906 2672 1136 2757 significantur
1158 2674 1213 2755 qui
1236 2692 1303 2736 non
1328 2693 1373 2738 ex

256 2767 383 2844 Verbo,
408 2770 456 2832 ita
478 2788 545 2831 non
573 2789 618 2832 ex
646 2769 804 2844 Domino,
829 2769 888 2832 sed
915 2790 960 2833 ex
988 2768 1121 2851 propria
1147 2767 1373 2849 intelligentia
1423 2845 1425 2850 Α
1513 2853 1518 2862 ,

255 2864 436 2927 instituunt
459 2862 598 2937 cultum,
617 2871 676 2926 aut
700 2863 734 2924 in
758 2862 851 2926 cultu
874 2874 952 2926 sunt
978 2861 1024 2944 (n.
1044 2859 1145 2943 439);
1181 2873 1217 2924 ut
1240 2881 1373 2944 quoque

255 2957 417 3032 fecerunt,
436 2958 493 3038 qui
515 2978 560 3020 ex
584 2958 683 3022 unico
705 2954 798 3021 dicto
817 2957 909 3020 Pauli
932 2956 1015 3020 salse
1037 2953 1225 3038 intellecto,
1245 2966 1280 3018 et
1304 2976 1371 3018 non

256 3071 301 3114 ex
327 3051 396 3114 ullo
419 3050 536 3116 Verbo
562 3051 709 3126 Domini,
733 3047 922 3114 doctrinam
949 3050 1171 3114 universalem
1198 3048 1373 3114 Ecclesiae

256 3145 512 3218 fabricaverunt,
532 3144 621 3227 quod
640 3146 744 3207 etiam
763 3155 817 3208 est
839 3147 969 3226 species
988 3145 1065 3207 furti
1088 3142 1287 3226 spiritualis:
1314 3164 1372 3225 per

257 3239 467 3303 “mendaces
474 3239 489 3263 ”
501 3238 731 3320 significantur
742 3241 798 3322 qui
813 3239 847 3302 in
863 3238 953 3304 salsis
969 3248 1046 3303 sunt
1060 3259 1104 3301 ex
1118 3238 1208 3301 malo
1223 3237 1269 3319 (n.
1282 3237 1371 3320 924).

314 3333 416 3416 893·
443 3341 462 3372 ‘¹
470 3335 548 3397 Pars
562 3336 682 3397 illorum
698 3333 729 3396 in
741 3340 854 3416 ataqno
868 3336 996 3398 amorre
1015 3335 1085 3416 iano
1106 3339 1141 3398 st
1151 3334 1373 3422 tumtunm&-

256 3420 358 3503 Quod
373 3423 539 3504 significet
558 3424 634 3487 illis
654 3423 831 3503 Infernum
852 3425 910 3488 abi
929 3445 1059 3488 amores
1072 3423 1169 3504 falsi
1187 3434 1220 3486 et
1239 3424 1371 3506 cupidi-

255 3524 340 3577 tates
358 3514 443 3578 mali
457 3525 543 3592 sunt,
561 3525 656 3597 patet
675 3536 695 3578 a
712 3536 812 3598 supra
829 3516 1011 3599 explicatis
1029 3514 1075 3598 (n.
1092 3518 1164 3596 835,
1181 3512 1296 3599 8721'1),
1316 3518 1372 3580 ubi

255 3607 375 3672 similia
392 3609 504 3672 verba.

314 3703 419 3788 894·
446 3705 559 3774 “Quas
579 3710 631 3769 ost
649 3706 750 3768 auom
763 3704 1027 3787 mors.''-Quod
1047 3705 1214 3787 significet
1229 3705 1370 3771 damna-

256 3795 384 3870 tionem,
404 3808 500 3879 patet
518 3799 621 3862 etiam
641 3798 684 3861 ab
702 3797 882 3880 explicatis
901 3819 1000 3880 supra
1020 3796 1067 3881 (n.
1087 3801 1159 3879 853,
1176 3798 1265 3879 873).

314 3902 417 3986 895.
441 3915 528 3982 [Vm.
538 3915 578 3981 9·]
604 3904 669 3967 “lt
688 3903 768 3967 vonit
780 3904 822 3966 acl
837 3924 886 3967 mo
900 3924 978 3968 unus
990 3911 1108 3985 septam
1121 3904 1303 3986 Angelorum
1317 3905 1372 3967 la·

255 3991 385 4054 manum
404 3999 521 4073 septam
537 3992 660 4073 phiatas
676 3993 787 4075 ptam
805 4001 921 4075 septem
937 3994 1041 4075 plaqis
1055 3994 1177 4068 ultimis,
1198 3998 1232 4056 st
1250 3995 1372 4058 loeutus

255 4086 306 4145 ost
324 4100 454 4155 mosum,
469 4082 585 4155 diosna,
603 4083 856 4156 tentamentum
878 4083 932 4146 titi
948 4083 1095 4166 Sponsam
1107 4082 1187 4165 tani
1205 4083 1371 4156 Utorsml'

254 4172 421 4254 significat
439 4172 602 4257 inflamma
615 4184 647 4236 et
668 4175 967 4256 manifestationem
989 4196 1010 4239 a
1031 4175 1172 4238 Domino
1192 4175 1371 4240 existimo

257 4266 354 4331 Caeli
375 4267 417 4332 de
440 4267 538 4331 Nova
563 4267 721 4344 Ecclesia,
748 4290 831 4351 quae
852 4279 917 4350 per
946 4268 1087 4334 Verbum
1112 4269 1177 4332 erit
1201 4269 1369 4352 corrjimtla

254 4355 508 4428 vomitos-Per
528 4367 658 4425 “unum
680 4375 812 4445 septem
835 4363 1049 4444 Angelorum
1072 4362 1268 4428 habentium
1291 4384 1368 4446 sep-

256 4463 325 4518 tem
348 4454 478 4537 phialas
499 4455 618 4537 plenas
640 4467 773 4538 septem
796 4457 906 4539 plagis
929 4457 1064 4532 ultimis,
1084 4466 1119 4520 et
1142 4456 1274 4526 locutus
1297 4477 1368 4527 me·

256 4549 358 4625 cum,”
374 4549 573 4632 intelligitur
591 4550 756 4614 Dominus
773 4571 818 4615 ex
837 4552 957 4616 intimo
975 4550 1068 4615 Caeli
1088 4550 1238 4627 influens,
1259 4559 1293 4614 et
1310 4569 1369 4632 per
