3384 5400
333 651 397 718 866
658 668 905 719 neocnuvvsls
927 668 1138 720 navemn.

333 835 454 898 similia
481 834 712 916 significantur
737 857 823 919 quae
850 858 959 920 supra,
983 837 1092 901 solum
1119 839 1210 921 quod
1241 838 1295 904 hic
1321 840 1453 905 dicatur

332 929 376 992 de
395 928 460 992 illis
478 932 534 1012 qui
552 931 717 1007 auserunt,
736 943 772 995 et
795 932 839 996 ibi
863 932 904 994 de
928 931 994 994 illis
1012 934 1068 1015 qui
1086 933 1229 1007 addunt,
1249 935 1391 1016 proinde
1410 936 1451 999 de

332 1022 397 1087 illis
413 1025 468 1106 qui
484 1023 538 1087 vel
553 1024 711 1090 addendo
728 1026 781 1088 vel
797 1025 979 1089 auferendo
995 1027 1061 1089 duo
1077 1027 1134 1089 illa
1147 1027 1239 1090 Vera
1252 1029 1450 1107 destruunt;

331 1137 391 1200 per
411 1119 567 1182 “auferre
590 1132 721 1201 partem
744 1141 764 1182 e
787 1119 891 1182 Libro
909 1122 998 1184 vitae
1007 1119 1022 1144 ”
1044 1120 1251 1202 significatur
1268 1123 1361 1204 quod
1384 1143 1451 1186 non

332 1213 463 1294 possint
479 1214 603 1296 aliquid
619 1234 737 1296 sapere
753 1235 812 1278 seu
827 1217 1043 1296 appropriare
1058 1216 1120 1279 sibi
1139 1236 1184 1278 ex
1202 1216 1339 1295 Verbo;
1365 1223 1384 1248 “
1394 1217 1449 1280 Li·

331 1307 391 1370 ber
416 1307 530 1371 vitae'’
553 1317 607 1370 est
632 1308 784 1372 Verbum
811 1319 847 1372 et
874 1329 1008 1391 quoque
1031 1309 1198 1373 Dominus
1226 1311 1339 1392 quoad
1363 1310 1449 1374 Ver-

331 1400 411 1464 bum
435 1400 483 1482 (n.
507 1401 579 1481 256,
594 1401 667 1482 469,
685 1403 757 1482 874,
774 1401 852 1484 925)
866 1424 892 1480 ς·
910 1423 1011 1466 causa
1032 1414 1086 1466 est
1109 1405 1186 1487 quia
1209 1403 1376 1468 Dominus
1398 1415 1450 1468 est

331 1493 503 1572 Verbum;
539 1494 688 1559 Verbum
712 1498 802 1559 enim
826 1497 868 1558 de
892 1495 973 1560 Solo
996 1497 1075 1578 Ipso
1097 1500 1180 1578 agit,
1204 1509 1242 1561 ut
1265 1500 1298 1561 in
1322 1500 1450 1562 duabus

329 1587 502 1652 Dotirim's
520 1589 636 1653 Novae
652 1589 910 1670 Hierosolvmae,
929 1611 993 1653 una
1010 1592 1051 1653 de
1063 1591 1214 1668 Domino,
1231 1603 1266 1656 et
1285 1592 1394 1658 altera
1411 1594 1451 1656 de

331 1683 509 1765 Scriptura
526 1684 642 1760 Sacra,
655 1684 756 1767 plene
771 1695 947 1748 ostensum
963 1696 1016 1749 est
1029 1707 1037 1763 ;
1060 1707 1163 1768 quare
1175 1686 1230 1770 qui
1245 1685 1313 1751 non
1330 1689 1448 1752 Domi·

330 1798 410 1840 num
421 1779 616 1841 immediate
626 1781 763 1854 adeunt,
775 1799 842 1842 non
854 1789 995 1861 possunt
1006 1781 1120 1844 videre
1130 1780 1264 1864 aliquod
1275 1803 1391 1846 verum
1403 1804 1448 1846 ex

331 1871 466 1936 Verbo:
484 1893 543 1955 per
555 1873 710 1936 “auferre
723 1885 853 1956 partem
867 1895 912 1936 ex
926 1873 1020 1937 Urbe
1032 1873 1173 1938 sandta”
1183 1876 1390 1958 significatur
1402 1898 1447 1940 ex

330 1965 430 2030 Nova
445 1966 610 2043 Ecclesia,
624 1978 773 2050 quaeest
789 1965 907 2031 saneta
924 1967 1181 2049 Hierosolyma;
1200 1971 1234 2032 in
1250 1968 1341 2032 illam
1358 1972 1449 2035 enim

330 2081 430 2125 nemo
445 2063 603 2144 recipitur
618 2063 673 2144 qui
690 2081 757 2126 non
774 2061 883 2125 solum
903 2062 1085 2124 Dominum
1102 2064 1191 2126 adit:
1216 2083 1275 2144 per
1292 2065 1448 2130 “auferre

330 2165 461 2236 partem
474 2177 518 2219 ex
532 2158 664 2238 scriptis
680 2158 713 2218 in
730 2156 833 2220 Libro
845 2157 910 2219 hoc
919 2156 934 2181 ”
946 2156 1152 2238 significatur
1164 2177 1231 2220 non
1244 2169 1371 2222 sortem
1387 2160 1448 2223 ha·

328 2249 409 2314 bere
427 2271 502 2314 cum
522 2251 660 2332 illisqui
679 2251 712 2313 in
732 2250 854 2332 Regno
874 2251 1009 2315 Domini
1028 2261 1118 2326 sunt,
1135 2271 1212 2314 narn
1232 2254 1345 2316 omnia
1359 2274 1447 2336 quae

328 2344 361 2406 in
379 2344 482 2408 Libro
497 2345 561 2408 hoc
574 2347 699 2426 scripta
710 2355 798 2420 sunt,
812 2342 969 2427 spetiant
982 2364 1105 2408 novum
1118 2344 1257 2410 Caelum
1273 2356 1309 2409 et
1321 2367 1445 2411 novam

329 2437 528 2512 Ecclesiam,
546 2459 630 2520 quae
645 2439 771 2503 iaciunt
788 2440 945 2521 Regnum
963 2439 1110 2513 Domini,
1124 2449 1160 2502 ut
1175 2439 1296 2517 finem;
1320 2451 1355 2503 et
1371 2441 1444 2506 finis

328 2544 392 2608 est,
410 2535 452 2597 ad
468 2553 569 2617 quem
585 2535 698 2597 omnia
714 2555 798 2616 quae
814 2535 1004 2598 scribuntur
1020 2535 1053 2596 in
1070 2534 1172 2596 Libro
1188 2555 1225 2596 se
1240 2534 1397 2598 referunt.

391 2642 494 2711 959.
525 2627 575 2692 Ut
601 2629 725 2691 sciatur
746 2629 836 2712 quod
865 2649 924 2712 per
949 2629 1033 2692 haec
1057 2649 1125 2691 non
1152 2628 1365 2712 intelligatur
1390 2631 1444 2713 qui

329 2722 463 2785 “aufert
487 2743 530 2785 ex
555 2725 664 2786 verbis
683 2722 777 2804 hujus
797 2724 911 2787 Libri’'
929 2726 1016 2789 sicut
1038 2725 1182 2807 scriptus
1204 2735 1258 2788 est
1280 2727 1314 2787 in
1337 2724 1445 2790 Sensu

328 2814 455 2890 literae,
473 2817 531 2878 sed
548 2818 603 2899 qui
619 2816 724 2879 aufert
740 2838 784 2880 ex
802 2820 889 2880 veris
905 2815 1078 2881 dodtrinae
1090 2839 1176 2900 quae
1192 2829 1271 2884 sunt
1287 2820 1320 2882 in
1337 2818 1443 2883 Sensu

328 2909 491 2991 spirituali
513 2911 593 2990 ejus,
614 2912 723 2974 dicam
744 2912 832 2975 unde
851 2912 915 2976 hoc
934 2923 1007 2975 est:
1041 2911 1203 2986 Verbum,
1223 2913 1313 2995 quod
1336 2912 1442 2977 didia-

327 3014 399 3067 tum
416 3014 467 3067 est
487 3026 507 3067 a
522 3005 680 3079 Domino,
695 3008 850 3069 transivit
867 3006 988 3069 Caelos
1004 3006 1116 3087 Regni
1133 3007 1288 3070 caelestis
1304 3017 1340 3070 et
1357 3006 1440 3071 Cae-

327 3097 379 3161 los
403 3098 513 3181 Regni
537 3100 716 3182 spiritualis
737 3100 855 3182 Ipsius,
879 3110 915 3163 et
938 3102 984 3163 sic
1008 3102 1101 3164 venit
1123 3102 1167 3164 ad
1189 3101 1361 3165 hominem
1384 3122 1443 3184 per

327 3212 425 3275 quem
450 3196 610 3275 scriptum
634 3205 706 3273 est;
738 3214 840 3278 quare
864 3193 1015 3257 Verbum
1042 3196 1075 3258 in
1103 3215 1162 3257 sua
1185 3196 1291 3277 prima
1313 3197 1442 3278 origine

326 3298 379 3351 est
403 3306 482 3369 pure
506 3289 684 3352 Divinum:
718 3291 782 3352 hoc
806 3290 885 3351 dum
909 3290 1064 3353 transivit
1085 3288 1207 3352 Caelos
1231 3290 1343 3371 Regni
1365 3311 1441 3355 cae·

327 3381 420 3445 lestis
440 3383 576 3447 Domini
595 3383 655 3447 suit
675 3383 832 3446 Divinum
853 3384 1011 3457 caeleste,
1028 3393 1063 3446 et
1083 3384 1162 3446 dum
1181 3385 1336 3447 transivit
1355 3385 1441 3449 Cae·

326 3476 377 3540 los
405 3477 515 3558 Regni
542 3478 722 3559 spiritualis
752 3478 889 3541 Domini
918 3478 978 3541 luit
1009 3477 1167 3540 Divinum
1197 3477 1379 3560 spirituale,
1406 3491 1442 3544 et

326 3591 401 3633 cum
418 3573 510 3634 venit
527 3574 570 3634 ad
589 3570 759 3635 hominem
776 3569 899 3635 laetum
918 3581 971 3635 est
991 3571 1149 3635 Divinum
1167 3572 1339 3649 naturale;
1362 3575 1441 3638 inde

325 3667 490 3747 estquod
514 3664 639 3729 Sensus
661 3666 822 3729 naturalis
846 3666 951 3729 Verbi
978 3667 1011 3728 in
1038 3686 1075 3729 se
1101 3667 1276 3729 contineat
1299 3664 1441 3731 Sensum

325 3759 543 3841 spiritualem,
563 3770 598 3823 et
621 3760 673 3823 hic
698 3759 840 3824 Sensum
860 3761 1056 3835 caelestem,
1077 3768 1112 3823 et
1135 3769 1275 3842 uterque
1298 3759 1441 3826 Sensum

324 3874 405 3936 pure
428 3854 598 3930 Divinum,
622 3855 677 3936 qui
700 3874 767 3917 non
790 3855 887 3918 alicui
910 3855 1036 3919 homini
1060 3864 1106 3927 et,
1123 3873 1163 3917 ne
1187 3855 1321 3937 quidem
1343 3857 1442 3920 alicui

324 3947 448 4029 angelo
464 3958 569 4029 patet.
615 3948 710 4012 Haec
729 3948 835 4012 allata
853 3959 941 4024 sunt,
959 3959 995 4012 ut
1015 3950 1119 4013 videri
1138 3950 1254 4032 possit,
1274 3951 1363 4032 quod
1383 3972 1443 4033 per

325 4048 423 4106 “non
442 4042 586 4106 addetur
603 4063 665 4107 nec
684 4043 850 4108 auferetur
860 4044 875 4069 ’¹
893 4043 1016 4127 aliquid
1039 4065 1084 4108 ex
1103 4046 1236 4127 scriptis
1258 4046 1290 4107 in
1309 4044 1440 4127 Apoca-

324 4136 415 4218 lypsi
434 4136 644 4219 intelligatur
666 4138 698 4200 in
716 4137 820 4202 Caelo
836 4139 926 4221 quod
946 4159 1014 4203 non
1030 4138 1155 4221 aliquid
1178 4160 1223 4203 ex
1242 4140 1329 4203 veris
1348 4139 1440 4204 Doc-

324 4232 432 4295 trinae
451 4232 494 4295 de
513 4232 662 4295 Domino
680 4242 715 4295 et
738 4233 781 4296 de
804 4234 888 4297 Fide
911 4234 944 4296 in
968 4234 1103 4316 lpsum;
1137 4234 1192 4297 hic
1214 4235 1304 4297 enim
1323 4255 1441 4299 sensus

323 4335 387 4400 est,
408 4334 443 4389 et
462 4326 505 4389 de
524 4325 606 4390 Vita
624 4327 808 4391 secundum
827 4337 1009 4411 praecepta
1027 4329 1147 4411 Ipsius,
1166 4348 1211 4391 ex
1230 4349 1297 4411 quo
1315 4328 1440 4393 Sensus

324 4420 441 4484 literae
460 4430 523 4497 est,
543 4432 580 4485 ut
599 4417 724 4484 dietum
743 4432 806 4485 est.
1444 4419 1447 4423 '

383 4513 490 4593 960.
505 4522 589 4590 [Vm.
599 4522 652 4591 aa]
666 4512 794 4575 ‘offatm
806 4513 1140 4588 sustenementum
1150 4514 1322 4589 maiouim
1340 4536 1438 4579 umen.

323 4599 420 4664 Elium
435 4601 511 4675 voni,
526 4601 648 4665 Domine
662 4602 777 4677 dosv,''
791 4604 961 4686 significat
975 4604 1167 4682 Dominum,
1186 4604 1254 4684 Qui
1273 4606 1440 4671 revelavit
