3384 5400
325 673 388 741 592
644 669 894 723 neocnuvnsrs
916 669 1129 722 navatam.

324 843 411 906 sicut
430 841 553 906 mortui
562 839 578 868 ’'
596 839 803 925 significatur
820 840 941 904 falsum
957 837 1128 915 infernale,
1148 859 1227 903 nam
1249 859 1310 922 per
1327 843 1447 903 “mor-

324 937 419 1002 tem’'
444 935 652 1019 significatur
678 933 864 1000 exstiniiio
889 935 980 999 vitae
1006 932 1197 1017 spiritualis,
1220 944 1256 999 et
1282 934 1362 998 inde
1387 955 1447 1017 per

325 1039 523 1096 “mortuum
532 1031 547 1056 ”
570 1030 777 1113 significatur
799 1028 959 1094 infernale
983 1028 1031 1110 (n.
1056 1045 1127 1109 321,
1153 1029 1250 1112 525):
1278 1049 1337 1111 per
1356 1029 1446 1112 quod

325 1127 462 1190 “omnis
491 1127 603 1189 anima
632 1126 709 1188 viva
737 1135 871 1188 mortua
899 1126 942 1187 sit
951 1124 967 1149 ”
992 1123 1200 1207 significatur
1226 1125 1317 1207 quod
1345 1142 1448 1187 omne

323 1241 439 1285 verum
455 1219 571 1293 Verbi,
589 1218 764 1283 Ecclesiae
787 1228 822 1282 et
845 1217 923 1281 fidei
945 1215 1155 1281 exstinitum
1178 1218 1241 1294 sit;
1268 1238 1328 1300 per
1345 1218 1447 1280 “ani-

324 1335 413 1378 mam
432 1315 544 1378 vivam
553 1313 568 1340 ''
585 1315 674 1377 enim
697 1312 906 1396 significatur
923 1331 1039 1375 verum
1063 1311 1149 1386 fidei,
1169 1312 1248 1374 inde
1270 1332 1330 1395 per
1345 1312 1446 1376 “ani-

324 1429 413 1472 mam
433 1410 544 1472 vivam
562 1417 731 1472 mortuam
740 1407 755 1432 ’'
771 1406 980 1489 significatur
997 1425 1113 1470 verum
1131 1405 1209 1470 fidei
1227 1404 1446 1470 exstinctum.

325 1504 386 1567 Per
406 1505 580 1566 “animam
590 1501 604 1528 '¹
628 1503 661 1565 in
684 1500 812 1576 Verbo,
832 1501 887 1565 ubi
911 1503 954 1565 de
976 1501 1123 1575 homine,
1146 1499 1354 1582 significatur
1375 1503 1448 1565 vita

324 1597 503 1680 spiritualis
521 1597 602 1679 ejus,
619 1617 703 1680 quae
720 1598 822 1660 etiam
839 1607 893 1660 est
909 1597 981 1660 vita
997 1593 1190 1660 intelleitus
1205 1595 1295 1678 ejus;
1318 1605 1355 1660 et
1369 1597 1448 1680 quia

324 1689 517 1757 intelleims
536 1701 589 1756 est
612 1689 806 1755 intelleims
824 1711 870 1754 ex
888 1691 987 1767 veris,
1006 1701 1042 1754 et
1060 1711 1141 1755 vera
1160 1701 1239 1754 sunt
1261 1688 1350 1766 fidei,
1369 1690 1448 1754 ideo

324 1807 384 1869 per
396 1788 571 1850 “animam
580 1785 595 1810 ”
607 1785 815 1868 significatur
827 1804 943 1848 verum
957 1783 1034 1848 fidei
1046 1807 1054 1862 ;
1073 1785 1164 1869 quod
1176 1805 1235 1867 per
1248 1785 1447 1849 “animam'’

324 1881 388 1946 hoc
408 1879 624 1964 significetur,
645 1890 802 1944 constare
825 1889 941 1963 potest
960 1899 1005 1945 ex
1023 1879 1140 1942 multis
1163 1879 1245 1944 locis
1264 1880 1299 1942 in
1318 1877 1445 1955 Verbo,

324 1985 359 2040 et
380 1996 513 2059 quoque
536 1997 581 2039 ex
604 1975 671 2039 illis
693 1975 748 2039 ubi
770 1975 893 2037 dicitur
912 1975 1053 2038 “anima
1074 1984 1111 2039 et
1133 1973 1220 2039 cor.''
1263 1973 1366 2056 Quod
1386 1995 1448 2058 per

326 2071 501 2134 “animam
520 2080 555 2134 et
574 2070 656 2134 cor”
674 2068 885 2151 intelligatur
900 2069 971 2132 vita
988 2068 1144 2144 hominis,
1160 2079 1276 2150 patet;
1300 2069 1361 2133 sed
1376 2069 1449 2134 vita

324 2164 394 2247 ejus
416 2174 469 2229 est
491 2186 537 2229 ex
556 2163 735 2229 voluntate
753 2174 788 2228 et
808 2183 852 2226 ex
875 2160 1063 2238 intellectu,
1075 2171 1141 2226 'aut
1160 2164 1378 2246 spiritualiter
1394 2163 1447 2229 lo·

324 2260 460 2343 quendo
475 2270 528 2324 est
543 2280 589 2324 ex
605 2278 720 2323 amore
736 2269 771 2322 et
788 2259 964 2339 sapientia,
979 2268 1050 2321 tum
1066 2278 1111 2321 ex
1127 2258 1294 2323 charitate
1309 2269 1345 2324 et
1360 2257 1447 2338 fide3

324 2373 363 2418 ac
382 2355 452 2418 vita
468 2354 656 2418 voluntatis
673 2373 718 2417 ex
737 2353 829 2416 bono
843 2353 967 2416 amoris
982 2373 1041 2415 seu
1056 2353 1232 2417 charitatis
1247 2353 1448 2435 intelligitur

324 2469 383 2530 per
402 2447 517 2524 “con’'
535 2468 574 2511 ac
594 2448 664 2511 vita
686 2443 882 2512 intelleitus
899 2467 944 2509 ex
963 2449 1051 2510 veris
1071 2449 1257 2531 sapientiae
1275 2469 1335 2511 seu
1357 2446 1446 2524 fidei,

324 2542 525 2624 intelligitur
550 2562 609 2625 per
633 2541 836 2605 “animam''
896 2541 992 2605 Haec
1019 2562 1079 2625 per
1102 2543 1276 2606 “animam
1303 2554 1339 2606 et
1365 2543 1447 2608 cor”

324 2636 569 2720 intelliguntur,

372 2791 470 2841 Marti.
485 2792 548 2842 xxii.
563 2788 631 2853 πως
659 2792 745 2843 Marc.
759 2792 804 2842 xii.
819 2805 860 2853 ³0.
875 2804 922 2853 33:
946 2792 1008 2843 Luc.
1022 2806 1048 2841 x.
1063 2804 1112 2853 ης
1136 2793 1227 2843 Deatr.
1242 2794 1277 2843 vi.
1293 2804 1323 2853 ςς
1346 2807 1404 2857 cap.
1417 2808 1445 2846 x.

456 2853 525 2917 121¹1;
542 2872 599 2921 oap.
609 2858 644 2908 xi.
659 2854 726 2919 13l⁸1;
743 2872 801 2921 cap.
813 2858 885 2907 xxvi.
900 2858 947 2917 16;
967 2858 1214 2924 Jmm.xxxii.41;
1231 2858 1348 2919 etalibi;

324 3014 427 3077 etiam
445 3012 479 3075 in
498 3010 581 3075 locis
601 3012 654 3076 ubi
674 3012 784 3075 “cor'’
799 3032 859 3094 per
877 3032 924 3086 se,
940 3023 976 3077 et
993 3012 1156 3076 “anima”
1172 3033 1231 3096 per
1250 3033 1297 3087 se,
1314 3012 1446 3078 dicitur.

325 3106 426 3189 Quod
443 3126 543 3171 causa
562 3107 847 3171 denominationis
868 3107 1000 3171 illorum
1019 3108 1063 3170 sit
1082 3128 1127 3171 ex
1146 3108 1448 3189 correspondentia

324 3202 443 3266 Cordis
460 3220 535 3263 cum
552 3199 743 3264 Voluntate
761 3210 795 3263 et
812 3200 953 3275 Amore,
969 3222 1009 3265 ac
1026 3200 1256 3265 Animationis
1275 3202 1447 3266 Pulmonis

325 3316 400 3359 cum
418 3292 600 3359 Intelleitu
619 3304 654 3359 et
673 3294 857 3377 Sapientia,
874 3296 978 3359 videri
997 3306 1112 3378 potest
1131 3297 1166 3359 in
1181 3294 1356 3378 Sapientia
1370 3296 1446 3360 An·

320 3390 427 3473 gelica
445 3390 485 3453 de
500 3388 624 3452 Divino
639 3388 764 3451 Amore
777 3401 810 3453 et
821 3390 949 3455 Divina
959 3391 1133 3473 Sapientia
1144 3392 1278 3474 (Classe
1291 3389 1450 3473 Quinta),

325 3484 379 3547 ubi
398 3485 441 3547 de
459 3484 759 3565 correspondentia
777 3482 837 3547 illa
854 3481 966 3547 actum
986 3493 1048 3548 est.

384 3584 487 3667 683.
512 3596 598 3662 [Vm.
610 3594 649 3662 4.]
675 3591 694 3623 ’
702 3584 741 3647 fr
753 3584 1007 3669 tortiaaiapelur
1021 3584 1128 3649 affudit
1134 3585 1268 3666 plinium
1285 3586 1402 3668 [raam]
1416 3587 1449 3650 in

325 3674 429 3739 {lamae
449 3680 484 3737 et
503 3675 605 3738 ianm
625 3676 812 3757 aquaram¹¹
826 3674 994 3756 significat
1012 3675 1179 3758 influxum
1193 3675 1230 3738 in
1244 3676 1448 3743 inteileiiam

333 3767 434 3831 Verbi
462 3768 557 3848 apud
584 3765 776 3837 illos-Per
810 3769 976 3831 “tertium
1008 3767 1183 3850 Angelum
1217 3767 1447 3834 effundentem

325 3861 502 3944 phialam‚”
524 3860 676 3925 similiter
706 3872 742 3925 ut
773 3881 832 3943 per
862 3863 998 3943 priores,
1022 3861 1231 3944 significatur
1255 3861 1401 3927 influxus
1426 3885 1448 3929 a

326 3956 474 4020 Domino
496 3978 541 4020 ex
565 3957 652 4019 veris
674 3966 709 4019 et
732 3956 840 4031 bonis,
863 3957 916 4019 hic
939 3958 972 4018 in
995 3953 1206 4021 intellthum
1229 3956 1334 4020 Verbi
1356 3961 1447 4040 apud

324 4050 421 4129 illos;
445 4071 504 4132 per
524 4050 668 4114 “fluvios
676 4050 690 4075 '¹
706 4051 795 4114 enim
814 4049 1047 4132 significantur
1065 4072 1144 4115 vera
1161 4052 1196 4113 in
1213 4052 1320 4133 copia,
1340 4052 1446 4116 inser-

325 4146 451 4209 vientia
466 4144 621 4209 rationali
640 4145 777 4219 homini,
793 4146 841 4208 ita
859 4142 1056 4221 intellectui,
1074 4166 1134 4228 pro
1152 4144 1307 4210 docirina
1324 4156 1360 4209 et
1376 4148 1447 4211 vita

327 4239 374 4320 (n.
396 4238 496 4321 4o9);
519 4248 554 4303 et
574 4259 633 4321 per
652 4239 828 4303 “Fontem
852 4260 1013 4323 aquarum
1021 4240 1036 4265 ”
1054 4239 1262 4322 significatur
1281 4240 1447 4305 Dominus

325 4334 435 4417 quoad
460 4333 622 4408 Verbum,
646 4335 694 4398 ita
717 4333 869 4397 Verbum
894 4333 1040 4410 Domini,
1064 4344 1100 4399 et
1122 4335 1201 4398 inde
1224 4355 1283 4418 per
1304 4334 1447 4399 “fontes

324 4448 485 4511 aquarum
493 4428 508 4453 '’
526 4427 758 4510 significantur
778 4427 900 4492 Divina
918 4450 997 4492 vera
1015 4431 1093 4493 inde
1113 4428 1160 4512 (n.
1178 4430 1249 4511 384,
1263 4432 1354 4511 409).

385 4529 489 4613 684.
517 4528 583 4592 ‘fr
595 4531 939 4614 iactantieanyuir,”
950 4530 1118 4613 significat
1129 4552 1211 4595 vera
1230 4530 1333 4595 Verbi
1333 4530 1445 4611 falsi-

324 4622 553 4705 cata-Quod
581 4643 639 4706 per
663 4625 890 4705 “sanguinem
899 4624 914 4648 ”
936 4624 969 4687 in
996 4625 1087 4688 bono
1113 4643 1214 4689 seusu
1239 4622 1446 4706 significetur
