3384 5400
377 662 440 727 622
698 675 945 728 nrocntrrsts
968 675 1179 730 usvenans.

429 846 481 896 Per
492 846 619 896 “hircum
632 847 761 896 hirsutum
770 847 785 867 ”
796 846 959 909 intelligatur
970 850 988 872 “
996 847 1081 908 Rex,”
1090 859 1116 899 et
1125 863 1174 912 per
1184 852 1202 876 ‘¹
1209 864 1293 900 cornu
1301 851 1360 914 ejus
1368 866 1494 916 magnum

509 912 578 962 inter
590 913 683 962 oculos
696 912 754 963 Rex
763 915 866 976 primus
878 929 885 972 ;
902 923 1000 964 etcum
1012 914 1047 963 ad
1057 929 1192 964 summum
1202 917 1325 967 venirent
1334 920 1496 980 praevarica-

508 979 605 1056 tiones,
616 988 771 1105 exs)urgeret
781 973 840 1029 Rex
848 980 931 1030 durus
940 979 1057 1030 faciebus
1066 995 1097 1030 ac
1109 981 1263 1045 intelligens
1274 983 1382 1032 subtilia
1388 983 1402 1003 '⁸
1411 984 1493 1047 (Dan.

508 1057 562 1093 vni.
577 1055 617 1103 ar,
630 1057 661 1105 ²³
680 1059 687 1102 ;

426 1107 505 1174 Quod
523 1119 637 1174 quatuor
654 1109 761 1160 Bestioe
773 1111 950 1162 ascendentes
962 1125 996 1160 ex
1007 1111 1082 1170 mari,
1097 1113 1213 1162 “easent
1224 1122 1339 1176 quatuor
1351 1113 1440 1176 Reges
1450 1115 1495 1178 qui

507 1185 619 1239 surgent
635 1176 669 1224 de
686 1185 757 1225 terra
765 1175 789 1235 ;''
811 1185 840 1226 et
856 1176 928 1239 quod
944 1176 1037 1226 decem
1054 1191 1156 1226 cornua
1174 1177 1281 1227 Bestiae
1298 1189 1408 1242 quartae
1427 1182 1495 1228 “de-

506 1255 565 1289 cem
586 1240 675 1304 Reges
695 1241 813 1301 essent,''
830 1250 858 1290 et
874 1242 946 1305 quod
965 1242 1059 1291 “aliua
1078 1253 1200 1306 surgeret
1219 1252 1282 1306 poat
1300 1259 1356 1304 eoa,
1376 1245 1422 1309 qui
1441 1254 1495 1296 tres

508 1305 596 1368 Reges
608 1306 778 1356 humiliabit”
790 1305 872 1364 (Dan.
884 1307 928 1357 vii.
941 1318 980 1367 17,
992 1307 1049 1368 a4);

427 1371 530 1422 Pariter
546 1373 618 1435 quod
635 1372 693 1423 Rex
711 1371 831 1422 meridiei
843 1381 870 1421 et
888 1372 947 1421 Rex
958 1373 1148 1434 septentrionis
1164 1377 1315 1436 pu'gnarent
1326 1375 1396 1424 inter
1406 1390 1453 1435 se;
1468 1387 1495 1424 et

507 1437 578 1501 quod
596 1437 655 1488 Rex
671 1437 790 1487 meridiei
809 1439 926 1487 mitteret
943 1437 1026 1487 filiam
1037 1453 1114 1488 suam
1126 1440 1161 1488 ad
1174 1439 1275 1501 Regem
1288 1441 1494 1503 septentrionis;

506 1513 533 1551 et
545 1503 617 1566 quod
634 1503 676 1552 hic
695 1502 754 1552 Rex
765 1502 895 1552 exaltaret
905 1517 936 1552 ce
947 1513 1041 1553 contra
1052 1503 1149 1563 Deum,
1163 1514 1190 1554 et
1201 1507 1273 1568 quod
1284 1506 1365 1554 deum
1377 1506 1493 1556 alienum

505 1577 679 1630 agnosceret:
697 1578 724 1618 et
735 1569 806 1631 quod
818 1567 887 1627 illos,
899 1569 944 1632 qui
952 1569 1068 1631 agnituri
1079 1570 1153 1620 illum
1165 1570 1253 1628 deum,
1265 1571 1410 1621 honoraret
1420 1584 1493 1628 auro,

505 1643 627 1696 argento,
638 1633 726 1697 lapide
739 1633 857 1696 pretioso
866 1644 893 1683 et
904 1635 1133 1692 desiderabilibus,
1144 1645 1172 1684 et
1180 1635 1241 1684 illoa
1250 1636 1384 1684 dominari
1396 1636 1495 1686 iaceret

505 1699 533 1747 in
548 1699 656 1754 multos.
671 1709 699 1748 et
714 1708 813 1749 terram
827 1699 958 1748 divideret
975 1701 1076 1763 pretio:
1101 1709 1129 1749 et
1142 1701 1213 1764 quod
1230 1701 1365 1763 plantaret
1380 1702 1496 1751 tentoria

505 1764 668 1814 tabernaculi
685 1765 726 1814 aui
743 1765 813 1814 inter
827 1765 919 1823 maria,
933 1765 1003 1814 circa
1014 1775 1134 1815 montem
1147 1766 1251 1816 decoris
1263 1764 1430 1827 sanctinum
1447 1768 1495 1816 sed

505 1831 577 1945 mi
595 1839 723 1958 Vnum
740 1830 775 1880 sit
792 1830 827 1879 ad
844 1829 925 1879 finem
943 1845 1040 1893 suum,
1057 1841 1164 1896 praeter
1181 1831 1259 1896 plura
1274 1832 1328 1881 alia
1339 1831 1421 1894 (Dan.
1433 1833 1492 1883 xit

570 1910 597 1945 n.
617 1911 624 1947 :

374 2081 434 2142 per
446 2061 609 2142 “Regem
625 2061 774 2124 meridiei
781 2061 797 2086 ”
809 2060 1017 2142 significatur
1032 2062 1192 2144 Regnum
1207 2083 1267 2126 seu
1282 2063 1436 2127 Ecclesia
1450 2065 1496 2127 ab

373 2155 438 2217 illis
457 2157 511 2238 qui
529 2158 564 2218 in
582 2157 669 2218 veris
688 2165 777 2230 sunt,
797 2165 833 2219 et
852 2175 912 2237 per
928 2155 1092 2238 “Regem
1110 2158 1350 2238 septentrionis
1358 2157 1374 2182 ”
1390 2159 1494 2239 signi·

373 2247 492 2312 ficatur
510 2249 668 2331 Regnum
692 2259 727 2314 et
750 2249 907 2314 Ecclesia
924 2251 969 2313 ab
990 2250 1130 2333 illisqui
1152 2251 1186 2313 in
1208 2250 1300 2314 falsis
1318 2262 1418 2330 sunt3
1440 2263 1494 2315 est

373 2345 461 2406 enim
485 2344 719 2427 propheticum
743 2344 785 2407 de
808 2343 971 2407 Ecclesiis
989 2346 1149 2421 venturis,
1168 2345 1286 2428 quales
1308 2346 1438 2410 suturae
1458 2348 1495 2408 in

373 2441 545 2521 principio,
570 2449 605 2502 et
628 2439 744 2522 quales
767 2449 897 2520 postea.
956 2437 1065 2503 Causa
1087 2440 1179 2522 quod
1201 2442 1258 2523 qui
1281 2442 1316 2504 in
1338 2443 1425 2505 veris
1446 2461 1493 2504 ex

372 2533 462 2597 bono
485 2555 505 2596 a
528 2533 677 2596 Domino
695 2543 785 2608 sunt,
804 2533 961 2597 dicantur
980 2534 1136 2616 “reges,”
1154 2543 1208 2598 est
1231 2536 1309 2617 quia
1329 2546 1497 2599 vocantur

374 2626 482 2690 “filii''
502 2627 659 2705 Domini;
683 2638 719 2690 et
740 2627 817 2710 quia
839 2629 1030 2711 regenerati
1052 2637 1130 2692 sunt
1153 2629 1197 2692 ab
1220 2629 1310 2712 Ipso,
1329 2639 1496 2692 vocantur

374 2724 474 2785 “nati
496 2723 539 2785 ab
562 2722 670 2804 Ipso,'’
692 2733 728 2786 et
751 2742 884 2805 quoque
908 2724 1099 2787 “haeredes
1112 2723 1138 2800 ;'’
1166 2735 1202 2788 et
1225 2725 1302 2806 quia
1328 2723 1495 2787 Dominus

371 2826 424 2880 est
445 2817 521 2898 Ipse
541 2816 629 2891 Rex,
649 2836 688 2880 ac
708 2815 848 2880 Caelum
868 2826 903 2881 et
922 2816 1079 2881 Ecclesia
1096 2830 1176 2882 sunt
1197 2818 1355 2901 Regnum
1376 2819 1494 2901 Ipsius.

431 2936 521 3006 721.
549 2930 568 2960 ¹¹
576 2923 614 2986 ft
625 2922 770 2986 inebriati
779 2929 854 2986 aunt
865 2942 908 2986 οι
920 2923 985 2986 rino
996 2925 1196 2988 enodationis
1210 2925 1278 3007 elur
1290 2924 1496 2988 inhabitantes

372 3014 527 3087 terram”
541 3014 708 3095 significat
723 3014 965 3077 r'nsanr'tionem
986 3016 1023 3077 in
1038 3015 1282 3095 spiritualibus
1302 3035 1346 3077 ex
1363 3015 1494 3078 adulte-

372 3106 500 3169 ratione
533 3106 634 3170 Verbi
656 3106 751 3186 apud
775 3105 850 3169 illos
874 3106 934 3188 qui
959 3106 995 3169 in
1019 3106 1188 3189 Religrbso
1217 3107 1286 3171 illo*
1299 3107 1495 3171 suna—Per

373 3201 554 3265 “inebriari
571 3202 650 3265 vino
666 3202 882 3264 scortationis
890 3200 905 3225 ’'
921 3200 1129 3283 significatur
1143 3204 1289 3265 insanire
1306 3203 1340 3265 in
1359 3202 1492 3285 spiritu·

371 3294 478 3359 alibus
493 3316 538 3357 ex
552 3293 783 3358 falsificatione
795 3296 977 3358 veritatum
990 3294 1105 3369 Verbi,
1120 3295 1173 3359 hic
1186 3316 1231 3359 ex
1244 3295 1494 3360 adulteratione

370 3390 523 3467 illarum;
553 3409 612 3472 per
636 3388 802 3453 “vinum’'
825 3387 1032 3470 significatur
1056 3390 1212 3453 Divinum
1236 3390 1365 3453 Verum
1387 3390 1491 3454 Verbi

373 3484 421 3567 (n.
446 3484 533 3567 316),
558 3494 593 3547 et
617 3504 676 3567 per
700 3485 972 3547 “scortationem
981 3484 996 3509 ’'
1019 3482 1226 3564 significatur
1248 3482 1435 3549 falsificatio
1457 3495 1492 3548 et

372 3579 577 3644 adulteratio
595 3578 665 3658 ejus
683 3576 729 3659 (n.
751 3594 817 3657 134,
834 3577 907 3651 620,
923 3578 996 3657 632,
1012 3577 1089 3659 635)
1104 3600 1112 3655 ;
1135 3579 1214 3641 inde
1232 3598 1291 3660 per
1307 3580 1492 3643 “inebriari

372 3694 416 3737 ex
436 3672 495 3736 illo
510 3672 612 3735 vino”
627 3670 835 3753 significatur
854 3672 999 3735 insanire
1018 3674 1050 3734 in
1069 3672 1314 3753 spiritualibus;
1338 3693 1397 3754 per
1413 3676 1491 3735 “in-

371 3769 566 3832 habitantes
590 3776 713 3831 terram
722 3765 737 3790 ’⁹
760 3763 991 3847 significantur
1013 3766 1060 3829 illi
1082 3768 1139 3849 qui
1165 3767 1198 3828 in
1225 3765 1381 3831 Ecclesia
1402 3778 1493 3846 sunt,

371 3874 408 3927 ut
431 3883 530 3944 supra
551 3860 638 3944 (cap.
658 3862 703 3923 xi.
728 3876 783 3939 105
814 3880 887 3942 cap.
906 3862 964 3923 xii.
987 3876 1043 3938 12;
1076 3880 1149 3943 cap.
1168 3862 1237 3923 xiii.
1260 3876 1306 3940 13,
1330 3878 1387 3940 14,
1417 3882 1492 3944 cap.

371 3960 440 4020 xiv.
455 3954 530 4039 61¹¹),
546 3958 600 4020 hic
619 3966 733 4019 autem
749 3956 804 4038 qui
823 3956 856 4017 in
874 3954 1049 4036 Religioso
1067 3954 1126 4017 illo
1141 3965 1230 4026 sunt,
1247 3956 1405 4037 quoniam
1422 3976 1492 4019 non

371 4052 414 4115 ibi
434 4061 486 4114 est
510 4049 675 4124 Ecclesia,
695 4069 740 4111 ex
760 4068 862 4112 causa
880 4050 957 4132 quia
976 4069 1044 4112 non
1063 4049 1189 4111 adeunt
1213 4049 1407 4125 Dominum,
1427 4070 1491 4114 nec

370 4144 490 4226 legunt
503 4144 665 4217 Verbum,
679 4154 715 4206 et
727 4144 803 4225 quia
819 4145 979 4206 invocant
996 4153 1157 4216 mortuos,
1171 4152 1209 4205 ut
1225 4163 1324 4225 supra
1341 4143 1389 4225 (n.
1401 4146 1491 4227 718).

372 4238 472 4321 Quod
487 4239 669 4301 “inebriari
681 4236 740 4299 illo
753 4239 831 4300 vino
839 4237 854 4261 ''
866 4235 1033 4317 significet
1045 4238 1190 4299 insanire
1206 4238 1238 4299 in
1252 4238 1490 4319 spiritualibus,

370 4334 506 4416 quidem
524 4334 651 4414 absque
669 4330 925 4395 confirmatione
944 4352 988 4395 ex
1007 4331 1081 4394 aliis
1099 4331 1182 4395 locis
1200 4333 1234 4394 in
1250 4330 1368 4395 Verbo
1385 4333 1491 4396 videri

371 4437 507 4510 potest,
530 4427 590 4489 sed
606 4428 683 4509 quia
701 4425 813 4508 plures
831 4446 899 4488 non
915 4425 1033 4490 vident
1047 4426 1092 4500 id,
1109 4445 1154 4489 ex
1170 4426 1317 4508 eoquod
1336 4446 1403 4489 non
1422 4428 1489 4508 spi·

369 4521 536 4585 ritualiter
558 4521 617 4584 sed
640 4520 851 4595 sensualiter,
870 4520 935 4584 hoc
959 4528 1023 4595 est,
1043 4520 1263 4583 materialiter
1285 4521 1328 4584 de
1350 4520 1491 4602 singulis

369 4615 486 4695 Verbi,
507 4617 585 4679 dum
606 4616 724 4697 legunt
742 4615 787 4691 id,
807 4616 972 4697 cogitent,
992 4615 1094 4679 velim
1112 4615 1222 4697 aliqua
1241 4614 1317 4679 loca
1334 4636 1354 4678 e
1372 4614 1490 4678 Verbo
