3384 5400
562 683 641 737 cna.
656 682 747 748 iux,
763 680 868 735 vans.
885 683 995 734 2.-u.
1011 668 1083 734 806.
1319 686 1380 755 715

258 857 460 940 sanguinem
482 874 654 919 servorum
685 852 828 919 Suorum
858 854 901 919 de
931 876 1033 919 manu
1063 854 1155 937 ejus”
1177 855 1384 939 significetur

259 953 437 1018 retributio
465 960 603 1033 propter
632 950 757 1013 damna
786 960 822 1013 et
852 949 1033 1014 violentias
1063 950 1177 1015 illatas
1208 952 1383 1015 animabus

259 1047 428 1111 cultorum
459 1044 606 1118 Domini,
630 1053 683 1107 est
713 1044 791 1126 quia
821 1065 881 1126 per
909 1045 1119 1110 “vindicavit
1130 1044 1146 1071 ”
1175 1045 1383 1128 significatur

259 1140 456 1216 retributio;
481 1159 540 1221 per
559 1140 788 1220 “sanguinem
810 1138 981 1203 effundere
990 1138 1005 1164 ’⁹
1023 1138 1231 1221 significatur
1252 1140 1382 1204 violen-

258 1237 344 1299 tiam
369 1234 489 1297 inserre
520 1233 644 1297 Divino
674 1232 811 1295 Domini
840 1243 876 1296 et
900 1232 1017 1296 Verbo
1048 1232 1095 1315 (n
1120 1248 1190 1314 327,
1214 1232 1304 1315 684),
1329 1234 1382 1305 hic

259 1330 445 1393 cultoribus
468 1324 616 1404 Domini,
638 1328 694 1409 qui
724 1327 960 1410 intelliguntur
987 1347 1046 1409 per
1070 1332 1214 1391 “servos
1239 1328 1345 1411 Ipsius
1358 1330 1383 1407 ς’·

258 1422 379 1486 horum
398 1422 572 1485 animabus
593 1422 717 1485 damna
739 1431 774 1485 et
798 1422 978 1487 violentias
1001 1422 1186 1486 intulerunt
1210 1443 1270 1505 per
1291 1426 1382 1507 quod

260 1516 419 1580 Divinum
435 1515 563 1580 cultum
583 1517 720 1580 Domini
739 1518 771 1580 in
788 1537 824 1580 se
841 1515 1098 1589 transtulerunt,
1116 1528 1151 1580 et
1167 1517 1382 1584 inhibuerunt

260 1610 328 1693 legi
351 1610 513 1675 Verbum.
558 1610 689 1674 Dicitur
710 1611 754 1674 de
783 1611 942 1684 Domino,
966 1610 1056 1693 quod
1081 1612 1300 1676 vindicaverit
1323 1633 1382 1676 seu

260 1706 351 1770 ultus
366 1708 409 1769 sit
425 1707 625 1788 sanguinem
641 1726 812 1788 servorum
829 1704 982 1781 Suorum,
996 1706 1081 1769 sicut
1097 1726 1142 1770 ex
1160 1704 1309 1770 vindicta
1324 1727 1384 1771 seu

260 1800 390 1864 ultione
409 1800 473 1864 hoc
492 1800 628 1878 secerit3
651 1800 712 1864 sed
730 1820 836 1883 usque
855 1819 922 1863 non
945 1810 998 1863 est
1017 1820 1062 1863 ex
1082 1798 1231 1863 vindista
1249 1811 1285 1865 et
1304 1800 1383 1865 ulti·

238 1915 338 1970 ·one,
358 1896 444 1958 sicut
463 1914 530 1957 non
553 1915 599 1957 ex
621 1895 670 1957 ira
691 1904 728 1959 et
749 1894 1049 1968 excandescentia,
1069 1914 1155 1976 quae
1174 1904 1289 1957 tamen
1310 1895 1382 1959 Do·

262 1994 355 2055 mino
369 1992 493 2073 passim
510 1991 543 2053 in
559 1990 676 2054 Verbo
692 1990 847 2053 tribuitur
865 1986 1033 2072 (videatur
1048 2008 1158 2071 supra,
1175 2008 1206 2051 n.
1226 2004 1263 2069 52
1268 2002 1295 2069 5,
1308 1987 1348 2069 63
1354 2003 1382 2070 5,

261 2086 334 2167 658,
349 2085 439 2166 673).
484 2084 615 2149 Dicitur
631 2086 678 2148 ira
695 2094 731 2149 et
747 2082 896 2148 vindicta
914 2083 957 2147 de
976 2082 1134 2157 Domino,
1151 2082 1287 2165 quando
1303 2083 1383 2147 mali

261 2182 408 2263 separati
423 2180 552 2243 abonis
564 2178 785 2260 conjiciuntur
796 2180 829 2241 in
842 2178 1023 2254 Internum,
1037 2177 1126 2260 quod
1142 2176 1181 2239 fit
1194 2178 1247 2243 die
1260 2178 1382 2243 Ultimi

260 2274 400 2357 Judicii:
424 2295 527 2358 quare
542 2274 598 2337 ille
614 2275 685 2337 dies
700 2283 841 2337 vocatur
854 2272 955 2335 “dies
971 2271 1038 2335 irae
1046 2272 1061 2297 '’
1077 2282 1112 2337 et
1128 2292 1262 2355 quoque
1278 2274 1383 2349 “ira''

262 2379 334 2433 tum
354 2371 454 2433 “dies
472 2366 660 2447 vindictam
684 2388 751 2431 non
770 2367 861 2450 quod
885 2366 1050 2430 Dominus
1069 2368 1231 2431 irascatur
1252 2376 1288 2431 et
1308 2369 1381 2432 vin-

261 2465 363 2539 dicet,
388 2464 448 2527 sed
472 2464 562 2547 quod
592 2463 640 2526 illi
670 2462 819 2527 Domino
839 2464 1037 2537 irascantur,
1061 2471 1096 2524 et
1125 2472 1245 2525 contra
1268 2460 1381 2545 Ipsum

262 2560 389 2641 spirent
415 2556 609 2622 vindictam.
654 2558 719 2621 Est
749 2560 835 2622 sicut
865 2555 1037 2621 maleficus
1067 2566 1145 2638 post
1175 2560 1380 2621 sententiam

261 2653 367 2719 latam
391 2654 543 2718 irascitur
565 2652 651 2736 Legi
673 2662 709 2717 et
732 2654 836 2735 spirat
860 2648 1044 2716 vindictam
1067 2660 1186 2714 contra
1208 2650 1381 2732 Judicem;

261 2769 330 2813 non
346 2751 436 2812 enim
452 2748 528 2812 Lex
547 2749 709 2822 irascitur,
725 2767 788 2825 nec
806 2746 918 2829 Judex
934 2747 1093 2810 vindicat.
1139 2746 1178 2810 In
1197 2747 1263 2811 hoc
1282 2759 1382 2812 sensu

262 2842 462 2926 intelligitur
482 2839 681 2906 “vindmia”
699 2843 732 2905 irl
751 2842 970 2927 sequentibus
988 2841 1092 2905 locis:

313 2997 551 3129 μυίοειχῖἰῖρρἀῖὀὶεο
557 3001 585 3050 in
592 3001 673 3052 corde
679 2999 753 3061 Meo,
760 3015 848 3052 annus
855 2965 1055 3065 redemptorum
1062 3000 1185 3052 Meorum
1192 3003 1267 3050 venit
1275 2999 1289 3020 '¹
1295 3000 1380 3068 (Esaj.

431 3081 485 3128 1¹·4
504 3081 511 3127 i

261 3210 308 3274 ibi
326 3209 369 3274 de
388 3209 536 3274 Domino
554 3217 590 3273 et
609 3209 652 3273 de
670 3207 804 3274 Ultimo
818 3207 958 3291 Judicio.

314 3372 404 3422 “Dies
415 3369 557 3452 Vipdidtae
573 3371 701 3438 Jebovae,
714 3385 802 3422 annus
813 3371 1018 3420 retributionum
1036 3384 1084 3434 pro
1102 3369 1148 3420 lite
1164 3369 1256 3422 Zionis
1269 3369 1283 3392 '¹
1294 3368 1380 3436 (Esnj.

314 3505 333 3529 ‘⁸
341 3437 598 3554 EccleuDlellssllester
608 3503 636 3552 ln
647 3499 801 3552 Vindictam
813 3503 912 3561 veniet,
926 3501 954 3552 in
966 3501 1167 3551 retributionem
1181 3501 1231 3551 Del
1243 3501 1340 3560 veniet,
1355 3511 1383 3551 et

393 3569 508 3619 salvabit
515 3583 565 3618 vos
572 3567 586 3588 ”
595 3567 681 3632 (Esaj.
692 3583 772 3617 xxxv.
783 3567 810 3629 4)
819 3583 825 3625 ;

313 3637 332 3660 “
341 3631 558 3761 Dlesnlginzcgdlae
570 3634 681 3694 bisunt,
699 3645 728 3684 ut
742 3634 904 3697 impleantur
915 3633 1007 3682 omnia
1018 3647 1086 3697 quae
1098 3631 1197 3696 scripta
1208 3642 1271 3682 sunt
1279 3630 1294 3652 ”
1306 3631 1380 3696 (Luc.

261 3843 308 3908 ibi
324 3844 366 3911 de
380 3843 672 3908 consummatione
687 3841 822 3919 saeculi,
838 3842 975 3926 quando
990 3841 1159 3907 Ultimum
1171 3840 1346 3922 Judicium.
1403 3883 1408 3899 r

313 4005 452 4069 “Spiritus
462 4004 572 4054 Domini
600 4004 698 4053 ebovih
707 4019 788 4066 super
797 4003 852 4062 Me,
864 4004 898 4054 ad
910 4003 1128 4067 proclamandum
1138 4004 1208 4053 diem
1222 4003 1382 4066 beneplaciti

391 4070 520 4136 Jebovae,
534 4081 562 4120 et
607 4072 658 4120 'em
670 4065 811 4120 Vindictae
829 4069 889 4120 Deo
907 4079 1008 4128 nostro,
1022 4070 1056 4119 ad
1073 4070 1268 4119 consolandum
1286 4085 1382 4120 omnes

392 4137 515 4199 lugentes
522 4135 536 4155 ’⁹
548 4135 632 4200 (Esaj.
643 4136 689 4186 lxi.
700 4131 750 4200 [1,]
762 4135 787 4194 2)
796 4149 815 4193 ;·

315 4199 411 4251 “Num
424 4210 533 4265 propter
543 4203 595 4250 hoc
607 4215 662 4250 non
674 4211 763 4251 sumet
772 4200 910 4250 Ultionem
923 4199 1024 4250 Anima
1035 4199 1098 4249 Mea
1107 4199 1121 4220 '⁹
1130 4199 1237 4264 (Jerem.
1250 4215 1275 4250 v.
1287 4215 1311 4264 9,
1324 4201 1382 4262 29):

315 4265 491 4381 “Vindffiam
499 4280 604 4316 sumam
612 4267 647 4317 de
660 4265 768 4327 Babele,
778 4281 827 4316 nec
839 4266 1002 4316 intercedere
1014 4266 1110 4316 faciam
1122 4266 1260 4314 hominem
1268 4266 1282 4285 ”
1294 4265 1379 4330 (Esuj.

392 4348 411 4382 x
421 4347 465 4383 vn.
512 4346 519 4390 ;

314 4395 440 4448 “-Contra
453 4333 580 4447 Billielem
592 4397 718 4459 cogitatio
729 4397 764 4446 ad
778 4396 942 4460 perdendum
956 4396 1038 4455 illam,
1052 4397 1114 4460 quia
1126 4393 1252 4446 Vindicta
1262 4395 1382 4462 Jehovae

392 4463 467 4522 haec,
480 4459 606 4512 Vindicta
617 4461 724 4525 Templi
737 4462 825 4526 Ipsius
833 4461 847 4482 '⁹
859 4462 966 4528 (Jerem.
979 4462 1005 4512 li.
1020 4474 1057 4520 11,
1070 4461 1126 4522 36);

316 4525 455 4578 “Cantate
462 4537 566 4592 gentes,
575 4542 610 4591 po
629 4529 689 4578 ulus
700 4527 774 4591 Ejus,
784 4529 846 4592 quia
854 4527 1018 4590 Sanguinem
1025 4541 1164 4577 servorum
1173 4525 1287 4576 Suorum
1297 4525 1381 4575 vindi·

393 4595 471 4653 eavit
484 4603 512 4644 et
523 4593 604 4643 Vindi
688 4595 782 4644 reddet
791 4594 914 4644 hostibus
927 4592 995 4654 Suis,
1010 4601 1038 4642 et
1048 4592 1166 4656 expiabit
1178 4601 1275 4642 terram
1287 4590 1378 4652 Suam,

393 4661 520 4723 populum
533 4658 615 4710 Suum
623 4657 637 4679 ”
649 4658 738 4724 (Deus.
749 4657 830 4710 xxxii.
843 4659 895 4723 43).
