3384 5400
1233 306 1300 488 b

552 664 631 723 cre.
648 672 764 737 xvus,
782 674 884 727 vens.
905 676 1031 743 13.-n.
1048 664 1118 743 781.
1331 666 1394 745 683

273 841 371 905 venci
394 831 629 923 intelliguntur
649 832 708 925 per
722 842 895 925 jumenta3
918 865 957 909 ac
979 844 1088 922 haedi,
1108 846 1240 922 arietes,
1260 867 1392 931 caprae,

272 936 364 1016 agni,
392 954 452 1017 per
478 956 579 1014 oves;
610 948 646 1001 et
672 937 832 1002 sacrificia
860 949 956 1003 erant
985 950 1131 1004 externa
1157 940 1278 1017 cultus,
1307 963 1393 1026 quae

273 1029 377 1092 etiam
397 1030 562 1094 naturalia
580 1030 691 1094 cultus
710 1043 882 1096 vocantur.

332 1130 425 1212 781·
453 1131 519 1194 ‘El
538 1150 684 1213 equorum
705 1139 739 1196 et
758 1133 923 1197 rhedarum
947 1139 981 1197 el
1002 1154 1173 1217 corporum,
1195 1140 1229 1198 el
1248 1137 1393 1201 enimeel'l

271 1219 456 1291 hominum,''
470 1222 638 1303 significat
660 1222 724 1286 illa
744 1224 858 1286 omnia
872 1224 1048 1287 secundum
1068 1224 1269 1289 intelletium
1292 1225 1395 1290 Verbi

270 1321 304 1374 et
317 1312 502 1376 dolinieam
522 1313 607 1389 inde,
625 1324 659 1377 et
678 1316 852 1379 secundum
876 1314 959 1379 bona
979 1326 1012 1379 et
1033 1337 1114 1380 vera
1131 1316 1255 1381 Sensus
1278 1317 1395 1383 literae

269 1407 349 1489 ejus,
369 1428 452 1489 quae
469 1405 538 1470 illis
556 1428 619 1470 non
636 1419 725 1483 sunt,
744 1408 823 1491 quia
836 1408 1030 1493 falsificant
1046 1422 1078 1474 et
1095 1411 1287 1475 adulterant
1312 1411 1392 1475 Ver·

271 1499 357 1576 bum,
377 1500 573 1581 applicando
594 1501 655 1565 illa
672 1523 756 1585 quae
776 1503 826 1566 ibi
844 1514 958 1567 contra
976 1505 1155 1586 genuinum
1174 1526 1305 1570 sensum
1322 1508 1392 1590 ey'us

270 1594 321 1657 ad
341 1594 522 1658 dominium
547 1605 648 1677 super
675 1595 811 1662 Caelum
837 1608 871 1660 et
894 1597 1209 1663 Mundum-Haec
1236 1599 1394 1664 dicuntur

269 1689 305 1751 in
324 1708 403 1751 casu
421 1690 582 1770 genitivo,
599 1690 677 1773 quia
692 1701 771 1755 sunt
789 1690 922 1755 illarum
941 1712 1050 1755 rerum
1070 1712 1155 1774 quae
1174 1694 1391 1775 praecedunt.

271 1780 373 1864 Quod
396 1804 455 1865 per
474 1784 630 1866 “equos''
652 1784 859 1866 significetur
882 1782 1075 1849 intellectus
1099 1785 1214 1863 Verbi,
1238 1787 1393 1852 videatur

270 1896 303 1939 n.
327 1878 407 1957 2983
430 1878 521 1960 quod
545 1897 605 1960 per
627 1882 647 1911 ⁴⁴
656 1899 770 1942 currus
778 1879 793 1906 ’'
815 1880 1023 1960 significetur
1044 1878 1199 1944 doctrina
1221 1902 1240 1944 e
1263 1880 1391 1956 Verbo,

270 1990 302 2033 n.
325 1986 397 2052 437,
421 1971 500 2035 inde
526 1972 634 2035 simile
659 1992 719 2055 per
742 1973 934 2038 “rhedas:”
963 1974 1053 2057 quod
1080 1994 1139 2056 per
1164 1980 1334 2057 “corpora
1356 1986 1392 2039 et

270 2066 399 2128 animas
415 2065 611 2129 hominum”
625 2066 856 2149 significentur
874 2068 964 2131 bona
979 2078 1014 2137 et
1031 2088 1110 2132 vera
1129 2067 1253 2132 Sensus
1273 2069 1392 2134 literae

270 2158 387 2233 Verbi,
401 2170 453 2222 est
466 2161 542 2243 quia
558 2181 616 2242 per
631 2160 689 2225 illa
704 2160 936 2243 significantur
951 2161 1070 2225 similia
1086 2183 1170 2245 quae
1187 2182 1245 2245 per
1262 2162 1391 2246 Corpus

269 2263 306 2316 et
322 2251 527 2335 Sanguinem
543 2257 577 2318 in
593 2253 697 2319 Sacra
712 2255 847 2334 Caena;
869 2277 928 2339 per
944 2256 1102 2338 “Corpus
1110 2255 1126 2281 ”
1141 2258 1174 2318 in
1189 2256 1247 2319 illa
1263 2256 1390 2338 signifi-

270 2358 366 2410 catur
388 2347 546 2412 Divinum
565 2348 696 2412 Bonum
720 2349 868 2427 Domini,
887 2360 924 2413 et
942 2370 1001 2432 per
1020 2348 1279 2431 “Sanguinem''
1296 2350 1390 2415 Divi·

269 2460 350 2505 num
361 2441 488 2506 Verum
502 2441 651 2521 Domini;
668 2454 703 2507 et
713 2445 790 2527 quia
802 2443 994 2526 significant
1003 2442 1071 2519 illa,
1085 2444 1186 2507 etiam
1198 2442 1389 2525 significant

269 2536 429 2600 Divinum
451 2535 584 2599 Bonum
607 2546 643 2601 et
666 2536 825 2601 Divinum
845 2538 973 2602 Verum
992 2537 1108 2612 Verbi,
1128 2539 1205 2620 quia
1224 2538 1390 2601 Dominus

269 2641 323 2694 est
351 2630 521 2693 Verbum:
555 2630 616 2694 sed
645 2652 707 2715 pro
735 2630 950 2714 “sanguine''
979 2631 1032 2696 hic
1062 2632 1183 2695 dicitur
1211 2633 1352 2695 “anima
1364 2633 1390 2712 ;''

268 2746 371 2789 causa
392 2736 456 2801 cst,
481 2726 558 2808 quia
580 2746 639 2809 per
662 2727 861 2790 “animam''
884 2727 1009 2808 pariter
1030 2725 1238 2808 significatur
1261 2726 1388 2790 Verum

271 2818 441 2901 (videatur
465 2839 575 2902 supra,
603 2840 635 2884 n.
657 2820 747 2904 681),
775 2830 811 2885 et
838 2821 916 2903 quia
941 2821 1079 2903 sanguis
1104 2821 1138 2884 in
1164 2819 1281 2884 Verbo
1307 2821 1390 2887 dici·

269 2924 325 2979 tur

347 3042 366 3065 ⁸⁶
375 3039 497 3093 κύρι’·
508 3039 581 3104 (Gen.
593 3041 628 3091 lx.
639 3053 664 3102 4,
677 3052 707 3101 ες
729 3040 813 3092 levit.
824 3041 888 3092 xvii.
903 3053 999 3103 12-14;
1021 3041 1114 3094 Deutr.
1125 3041 1171 3092 xii.
1183 3037 1311 3107 ns-asl'l).

270 3182 386 3248 Simile
404 3182 611 3266 significatur
629 3204 688 3266 per

540 3326 694 3377 “Animam
706 3327 824 3378 hominis
832 3326 847 3347 ”
860 3325 959 3390 (Erech.
971 3327 1053 3378 xxvll.
1064 3326 1122 3391 13);

270 3402 342 3458 tum
361 3413 422 3476 per

598 3479 616 3501 ‘⁶
623 3476 720 3527 Semen
732 3477 850 3527 hominia
858 3475 872 3497 '²
884 3475 967 3540 (Dan.
978 3477 1005 3526 li.
1016 3475 1068 3538 43).

270 3630 397 3740 Similia
418 3650 478 3714 per
501 3629 658 3713 “equos”
680 3637 716 3693 et
739 3629 890 3694 “rhedas
900 3628 916 3654 ”
934 3628 1165 3712 significantur
1187 3628 1277 3712 apud
1299 3626 1407 3695 Esar

266 3745 345 3810 jam
356 3748 370 3788 .·

331 3873 422 3922 ‘Tunc
432 3872 531 3922 ducent
542 3885 637 3920 omnes
649 3870 745 3921 iratres
754 3880 859 3920 vestros
872 3885 952 3934 super
963 3869 1038 3934 equis
1050 3878 1078 3919 et
1089 3884 1170 3932 super
1181 3884 1259 3919 curru
1270 3878 1297 3919 et
1309 3883 1391 3933 super

400 3937 498 3995 rhedis,
512 3947 539 3986 et
556 3951 636 3999 super
653 3937 733 3985 mulis
750 3946 777 3986 et
794 3951 827 3986 su
863 3935 1031 3986 rveredarlis
1048 3935 1082 3985 ad
1100 3945 1221 3984 montem
1238 3932 1390 3985 sanctitatis

401 4001 479 4052 Meae
492 4001 709 4065 Hierosolymam
718 4000 732 4020 ”
744 3999 827 4064 (lxvil⁸
845 4002 903 4065 20);
1154 4033 1159 4053 0

270 4151 353 4214 haec
372 4149 528 4214 dicuntur
549 4149 593 4212 de
616 4148 714 4212 Nova
736 4148 892 4212 Ecclesia
915 4147 1061 4224 Domini,
1081 4169 1168 4230 quae
1186 4156 1239 4211 est
1264 4146 1387 4211 Hiero·

271 4244 412 4325 solyma,
436 4244 479 4306 de
499 4243 566 4307 illis
588 4243 632 4305 ibi
655 4244 710 4326 qui
735 4244 769 4305 in
794 4239 970 4306 intellectu
993 4241 1098 4306 Verbi
1121 4252 1156 4304 et
1179 4243 1213 4304 in
1236 4237 1389 4304 doctrina

271 4339 348 4402 inde
366 4348 456 4412 sunt,
475 4347 657 4420 quaesunt
677 4336 809 4419 “equi,’'
830 4335 1000 4411 “currus,”
1019 4335 1200 4400 “rhedae''

334 4431 433 4494 Nunc
449 4433 526 4514 quia
541 4431 598 4505 illi,
612 4433 666 4512 qui
683 4452 727 4494 ex
744 4430 920 4512 Religioso
933 4430 1090 4492 Romano
1103 4427 1281 4492 Catholico
1298 4437 1388 4502 sunt,

272 4524 448 4588 falsificant
480 4535 516 4589 et
547 4525 741 4588 adulterant
773 4523 925 4588 Verbum
958 4543 1017 4605 per
1048 4522 1311 4605 applicationem
1344 4521 1388 4584 ad

273 4619 455 4683 dominium
473 4639 571 4702 super
587 4617 725 4683 Caelum
744 4628 779 4682 et
799 4617 975 4695 Mundum,
992 4615 1200 4700 significatur
1214 4615 1304 4698 quod
1323 4613 1389 4678 illis
