3384 5400
549 659 629 712 cnr.
647 656 1042 710 nnn-nenoteanes.
1290 643 1358 728 647

231 833 380 918 aliquam
403 821 534 916 partem
558 821 661 894 etiam
685 828 773 911 apud
794 826 1021 904 Reformatos,
1041 828 1179 892 tametsi
1203 847 1270 892 non
1293 830 1357 894 sub

233 929 395 994 Dominio
413 925 524 1012 papali
543 934 631 988 sunt.

228 1235 326 1306 7⁵²·
357 1219 420 1284 His
435 1217 589 1301 adjiciam
604 1217 669 1281 hoc
687 1216 947 1286 Manoanmte
958 1235 1011 1279 :-

270 1383 381 1440 Datum
391 1393 437 1439 est
447 1382 529 1452 ioqui
539 1397 607 1436 cum
620 1378 779 1434 Pontifice·
822 1377 914 1440 illurn,
932 1378 1067 1434 miserint
1085 1380 1281 1438 abundanter.
1319 1381 1359 1438 Et

222 1463 321 1520 -Sixto
328 1463 452 1537 Quinto.
484 1460 769 1518 Exibatesocietate
820 1473 890 1512 cum
903 1458 966 1514 dixi
978 1459 1060 1530 quod
1073 1461 1231 1517 thesaurus
1243 1462 1294 1519 ille
1305 1464 1359 1518 ad·

230 1546 362 1616 quadam
388 1545 417 1600 in
439 1544 596 1602 occidente
620 1543 658 1598 ad
683 1542 769 1598 sinis·
822 1539 882 1594 huc
891 1540 1097 1610 superstessit,
1105 1541 1191 1606 dixit,
1200 1541 1280 1600 “Cui
1290 1545 1357 1599 usui

231 1638 322 1682 trum.
360 1625 445 1681 Dixit
457 1624 531 1680 mihi
541 1623 623 1696 quod
638 1623 768 1694 praetec-
822 1621 928 1677 nurci·

229 1717 282 1762 tus
306 1707 346 1763 sit
370 1717 404 1761 ut
429 1721 564 1762 summus
596 1703 770 1759 Moderator
859 1702 1143 1776 interloquendum
1156 1721 1225 1760 cum
1245 1705 1298 1762 illo
1313 1723 1359 1762 re·

229 1787 368 1843 societati
385 1784 528 1844 colletiae
546 1783 768 1847 exCatholicis,
821 1785 886 1846 tuli,
905 1785 986 1856 quod
1005 1785 1164 1842 thesaurus
1182 1785 1212 1840 in
1234 1785 1359 1842 Loretto

230 1868 285 1938 qui
307 1868 422 1939 pollent
439 1867 602 1940 judicio‘et
624 1865 769 1921 industria
821 1866 859 1920 ab
867 1865 947 1921 illius
955 1876 1091 1937 tempore
1102 1867 1281 1922 immensum
1289 1883 1360 1922 auc·

231 1964 304 2018 prae
317 1949 452 2020 reliquis;
470 1957 502 2004 et
514 1947 595 2019 quod
614 1945 710 2002 iatius
729 1946 769 2002 sit
821 1957 871 2002 tus
889 1956 921 2001 et
939 1947 1139 2018 locupletatus
1157 1947 1212 2010 sit;
1233 1957 1264 2002 et
1276 1949 1359 2019 quod

230 2028 769 2098 summusModeratorillorum,pr0p·
821 2027 953 2083 thesauri
973 2028 1002 2082 in
1015 2028 1194 2099 quibusdam
1208 2039 1359 2083 monaste-

230 2122 280 2165 ter
291 2126 419 2174 causam,
433 2110 504 2182 quia
520 2125 539 2164 a
553 2109 680 2164 dimidio
697 2107 767 2164 anni
821 2110 880 2172 riis,
891 2108 1036 2180 imprimis
1047 2108 1076 2163 in
1091 2107 1246 2204 Hispania,
1256 2109 1360 2164 simili-

230 2200 304 2246 ante
333 2190 449 2246 obitum
482 2205 570 2246 suum
601 2189 769 2245 crediderat
820 2200 881 2254 ter;
899 2191 952 2245 sed
972 2189 1063 2245 hodie
1076 2206 1137 2244 non
1151 2190 1181 2243 in
1194 2199 1311 2244 tautum
1325 2201 1360 2243 ut

230 2271 315 2342 quod
329 2271 496 2326 vicariatus
515 2281 593 2326 esset
612 2269 767 2325 inventum
822 2272 852 2326 in
872 2271 1019 2342 prioribus
1033 2271 1168 2326 saeculis.
1206 2269 1244 2326 Et
1255 2271 1359 2326 addtdt

232 2362 356 2423 propter
368 2351 550 2415 dominium
568 2362 599 2406 et
611 2352 692 2423 quod
708 2352 768 2406 Do·
821 2354 903 2426 quod
938 2352 1005 2406 ilios
1033 2352 1215 2414 custodiant,
1245 2337 1359 2422 absque

230 2435 332 2486 merrus
356 2431 502 2496 Sabrator,
523 2435 594 2502 quia
618 2433 706 2495 Deus,
729 2435 770 2486 sit
821 2435 883 2490 uilo
902 2432 1025 2505 finequi
1040 2443 1086 2487 est
1104 2449 1184 2496 usus,
1196 2432 1358 2527 alioquam

233 2513 299 2582 Qut
314 2513 397 2568 Solus
408 2513 577 2568 adorandus
594 2519 622 2567 et
638 2514 770 2568 colendus
821 2527 855 2572 ut
883 2514 1051 2587 jucundent
1080 2529 1112 2568 se
1146 2529 1183 2567 ex
1216 2513 1360 2584 possessi-

231 2599 295 2656 est:
311 2604 376 2648 turn
395 2595 477 2666 quod
497 2595 656 2666 Scriptura
676 2595 768 2649 Sacra
820 2613 888 2654 one.

231 2676 275 2729 sr'!
297 2675 422 2739 Dr‘rn'na,
448 2686 479 2731 et
503 2675 546 2733 sic
570 2671 673 2731 santia
698 2691 770 2754 prae
858 2677 897 2733 Et
915 2693 984 2732 cum
1002 2675 1062 2731 hoc
1080 2674 1176 2736 retuli,
1190 2674 1280 2730 etiam
1296 2674 1358 2729 dixi

233 2754 348 2812 Edissis
374 2757 530 2828 Paparum.
581 2756 663 2812 Dixit
687 2756 769 2828 quod
821 2759 903 2831 quod
918 2759 959 2813 ita
971 2758 1032 2813 sint
1044 2757 1123 2813 sicut
1136 2757 1178 2811 dii
1191 2756 1358 2817 iniemaies‚

233 2836 266 2891 in
279 2836 338 2892 fide
351 2837 478 2891 duorum
500 2838 624 2893 istorum
637 2839 768 2909 capitum
821 2836 898 2912 quos
910 2839 1026 2911 antiqui
1038 2838 1187 2893 vocabant
1204 2836 1358 2892 Plutones.

235 2916 400 2988 Religionis
416 2919 611 2988 permanserit
624 2935 718 2990 usque
731 2919 768 2973 ad
857 2920 933 2976 Cum
960 2919 1112 2975 nominavi
1139 2917 1292 2981 Plutones,
1314 2934 1360 2973 re·

233 2998 325 3053 finem
338 2998 417 3053 vitae
430 3014 509 3054 suae.
821 3002 951 3073 spondit,
966 3008 982 3031 ‘⁴
988 3000 1076 3061 Tace,
1089 2998 1179 3055 scio'·

236 3088 249 3099 ·'
261 3073 355 3133 'Dixit
373 3078 463 3134 etiam
482 3080 563 3151 quod
584 3078 685 3135 Saniii
705 3081 770 3137 ilio·
858 3082 942 3137 Dixit
961 3082 1069 3137 iterum
1082 3079 1164 3152 quod
1184 3079 1214 3133 in
1233 3079 1360 3134 societa-

232 3174 301 3214 rum
323 3175 384 3215 non
405 3159 466 3215 sint
486 3160 616 3231 aliquid:
646 3162 771 3217 miratus
822 3173 883 3219 tem
896 3161 957 3217 ‘cui
989 3161 1039 3217 ille
1069 3170 1194 3232 praeest,
1221 3176 1281 3214 non
1308 3159 1359 3213 alii

233 3240 289 3302 es't,
300 3256 368 3295 cum
379 3240 503 3303 narravi
513 3241 594 3313 quod
606 3242 635 3296 in
647 3240 770 3313 Synodo
822 3243 1021 3299 admittantur
1047 3258 1137 3337 quarn
1163 3240 1215 3312 qui
1244 3240 1359 3312 judicio

233 3322 388 3377 decretum
401 3321 448 3385 sit,
458 3332 490 3377 et
502 3338 556 3393 per
569 3320 686 3377 Bullam
698 3339 770 3377 con·
823 3325 945 3396 pollent,
955 3334 986 3378 et
999 3323 1129 3394 recipere
1142 3331 1267 3393 possunt
1277 3322 1360 3393 quod

233 3402 394 3465 firmatum,
407 3402 511 3495 quod'
503 3413 720 3458 invocarentur.
822 3407 968 3461 Dominus
980 3404 1063 3458 Solus
1077 3406 1119 3457 rit
1135 3404 1216 3457 Deus
1234 3402 1318 3457 Caele
1332 3408 1362 3456 et

272 3481 356 3537 Dixit
373 3481 486 3554 quod
478 3499 508 3537 tn
527 3482 589 3539 vita
609 3481 771 3539 activitatis
830 3488 945 3547 Terrae,
953 3485 1074 3557 etquod
1091 3484 1212 3538 Verbum
1221 3484 1359 3538 sttSanc

232 3562 283 3625 sit,
297 3562 326 3617 in
339 3563 420 3634 quali
439 3562 556 3618 iuerat
549 3581 579 3618 tn
593 3564 722 3627 mundo;
740 3574 772 3619 et
821 3573 884 3621 tum
897 3567 1065 3629 Dr'vr'num
1081 3575 1112 3619 et
1125 3564 1208 3658 quod
1227 3563 1361 3635 perficiat

234 3643 317 3715 quod
331 3644 387 3699 sibi
399 3644 506 3715 quovis
520 3661 607 3699 mane
623 3657 772 3716 proponat
822 3647 968 3719 quotidie,
989 3647 1045 3702 sub
1066 3645 1201 3716 auspicio
1227 3644 1360 3706 Domini,

235 3738 345 3779 novem
363 3734 416 3779 aut
434 3724 537 3780 decem
552 3742 605 3787 res,
619 3742 693 3797 quas
706 3726 773 3780 vult
822 3728 998 3785 societatem
1012 3728 1102 3782 illam.
1385 3738 1391 3747 ·

234 3814 270 3859 ut
295 3804 372 3860 intra
394 3821 549 3877 vesperam
580 3806 640 3862 sint
671 3823 772 3878 perac-
860 3808 897 3863 Et
910 3807 1080 3880 dixitquod
1097 3807 1215 3862 locutus
1233 3806 1273 3862 sit
1290 3822 1360 3861 curn

232 3896 292 3941 tae.
824 3887 962 3945 Sanctis'
954 3899 996 3943 tta
1009 3887 1105 3950 dietis,
1118 3888 1173 3943 sed
1187 3888 1267 3957 quod
1288 3886 1361 3941 fiant

271 3964 411 4037 Quaesivi
433 3967 514 4021 unde
539 3967 580 4023 illi
608 3968 685 4024 intra
708 3979 771 4024 tam
824 3970 898 4026 fatui
911 3970 1033 4042 quando
1045 3969 1172 4024 audiunt
1190 3978 1222 4023 et
1233 3968 1362 4022 credunt

236 4062 347 4117 paucos
366 4063 462 4103 annos
483 4057 585 4104 tantus
604 4050 770 4114 thesaurus,
823 4052 905 4123 quod
922 4048 1018 4106 saniir
1030 4050 1099 4104 sint
1137 4048 1235 4103 Etiam
1257 4047 1362 4103 Ponti·

234 4143 325 4198 quem
344 4128 373 4182 in
393 4128 515 4183 Catullo
532 4129 582 4184 del
595 4130 708 4201 Angelo
727 4148 771 4187 re·
824 4132 895 4187 tices
913 4142 945 4187 et
962 4130 1134 4187 CardinaIes
1152 4130 1279 4185 vocabat
1298 4138 1362 4184 stu-

237 4208 347 4278 posuit.
381 4207 550 4280 Respondit
558 4212 641 4281 quod
652 4212 772 4282 propria
825 4213 921 4283 pidos,
944 4211 1010 4267 iilos
1035 4210 1086 4281 qui
1111 4211 1218 4266 volunt
1243 4209 1360 4265 adorari

237 4304 326 4343 manu
351 4289 502 4360 scripserit
530 4291 567 4345 ad
601 4290 772 4347 Praeietios
823 4294 903 4349 sicut
927 4292 1072 4354 Christus,
1097 4292 1216 4346 tametsi
1244 4308 1304 4346 non
1330 4292 1360 4345 in

237 4368 485 4426 monasteriorum
506 4371 642 4435 divitum,
663 4384 698 4426 ut
718 4390 772 4444 pro
824 4390 960 4446 persona,
982 4384 1012 4428 et
1035 4374 1087 4445 qui
1110 4389 1170 4427 non
1192 4383 1361 4443 agnoscunt

236 4449 360 4505 arbitrio
397 4450 551 4506 mitterent
588 4468 625 4507 ex
663 4454 772 4524 opibus
823 4456 956 4510 Verbum
974 4464 1008 4509 ut
1027 4454 1124 4525 ipsum
1144 4450 1287 4508 Sentium
1308 4452 1362 4508 Di-

237 4540 382 4600 quantum
401 4530 520 4594 vellent,
539 4534 610 4603 quia
627 4535 664 4589 ad
684 4552 771 4590 usum
824 4538 936 4600 vinum,
960 4537 1126 4591 secundum
1151 4535 1234 4607 quod
1261 4535 1360 4590 solunt

237 4608 388 4675 santium
407 4620 439 4666 et
448 4612 530 4683 quod
542 4614 613 4684 quia
625 4615 772 4673 timebant
822 4618 986 4674 vivendum
999 4628 1055 4674 est.
