3384 5400
346 673 407 737 868
665 679 913 738 APOCALYPSIS
934 684 1146 737 REVELATA.

383 853 593 923 loquebantur
612 853 688 908 inter
708 869 740 909 se
762 853 799 908 de
818 854 880 908 Deo
926 851 1011 917 aSe;
1030 853 1131 924 quiaa
1145 851 1279 923 Seponit
1293 852 1366 908 Esse
1379 850 1461 907 inSe

345 949 409 994 uno,
420 934 458 988 de
472 933 674 1003 Conjunc'lione
685 951 748 988 cum
761 935 835 1004 Ipso,
848 945 879 988 et
925 950 944 988 a
958 932 1043 1004 Quo:
1068 933 1110 988 ita
1128 934 1214 1005 ponit
1234 933 1330 988 Deum
1348 949 1368 988 a
1387 933 1460 996 Deo,

346 1013 415 1068 inde
425 1013 610 1076 Salomone,-
628 1014 878 1083 loquebanturin-
925 1014 1007 1084 quod
1030 1030 1091 1068 non
1110 1015 1205 1068 datur.
1243 1011 1332 1086 Quod
1353 1029 1373 1068 a
1395 1013 1461 1068 Deo

345 1092 482 1156 effabilia,
504 1109 630 1164 quorum
657 1095 795 1164 pleraque
818 1110 878 1148 non
925 1104 979 1156 est,
999 1095 1058 1148 hoc
1077 1111 1136 1148 non
1155 1104 1282 1148 vocatur
1304 1093 1385 1150 Deus
1407 1095 1460 1148 sed

346 1183 472 1242 possunt
484 1175 589 1228 cadere
609 1175 637 1227 in
651 1189 740 1228 voces
753 1174 879 1244 alicujus
925 1184 1050 1228 vocatur
1061 1173 1220 1236 Divinum:
1239 1174 1311 1245 quid
1324 1174 1403 1228 enim
1414 1185 1461 1228 est

345 1253 463 1324 linguae
477 1255 627 1309 naturalis.
665 1253 723 1308 Sed
743 1255 814 1325 quia
825 1255 878 1309 ali·
927 1253 1008 1309 Deus
1018 1271 1036 1308 a
1050 1254 1123 1317 Deo,
1135 1255 1176 1308 ita
1185 1255 1256 1326 quid
1271 1254 1354 1309 Deus
1363 1270 1382 1309 a
1394 1254 1461 1309 Deo

345 1333 464 1404 quoties
476 1333 591 1388 fueram
605 1334 633 1388 in
647 1335 800 1389 consortio
808 1351 878 1390 cum
924 1346 1013 1390 natus
1030 1335 1068 1389 ab
1084 1344 1217 1396 aeterno,
1235 1344 1265 1388 et
1284 1334 1356 1404 quid
1379 1332 1460 1388 Deus

344 1414 460 1485 angelis
477 1413 585 1484 inipso
598 1413 697 1476 Caelo,
708 1425 738 1470 et
757 1425 829 1470 tunc
848 1416 879 1470 in
924 1431 943 1470 a
962 1415 1028 1470 Deo
1047 1431 1100 1485 per
1119 1414 1216 1468 Deum
1232 1424 1336 1468 natum
1354 1414 1392 1468 ab
1411 1430 1461 1468 ae·

344 1493 433 1548 simili
453 1495 571 1564 loquela
589 1511 656 1548 cum
677 1495 741 1558 illis,
758 1496 829 1566 quia
848 1497 877 1551 in
924 1505 1011 1549 temo
1024 1495 1196 1564 procedens,
1210 1494 1267 1549 nisi
1286 1509 1376 1549 voces
1394 1495 1459 1565 qui-

344 1573 434 1628 simili
450 1584 538 1636 statu,
550 1576 618 1629 ideo
637 1576 721 1646 potui
735 1592 814 1630 nunc
834 1577 877 1630 in·
925 1576 980 1628 bus
999 1592 1036 1629 ne
1058 1574 1152 1628 hilum
1171 1575 1246 1629 lucis
1264 1591 1281 1628 e
1301 1574 1393 1629 Caelo
1417 1576 1460 1629 in·

345 1653 478 1726 telligere
489 1654 563 1716 illos,
574 1665 605 1709 et
617 1672 654 1710 ex
667 1670 802 1710 sermone
814 1657 878 1710 illo·
925 1655 985 1710 est?
1028 1656 1125 1710 Aliter
1156 1656 1186 1709 in
1224 1654 1355 1709 Domino
1388 1653 1459 1726 Jesu

346 1749 410 1787 rum
430 1735 585 1789 desumere
597 1735 696 1805 aliqua
714 1753 790 1806 quae
809 1753 878 1807 pos-
919 1734 1060 1798 'Christo;
1079 1735 1109 1790 in
1124 1733 1180 1790 lllo
1192 1747 1239 1790 est
1257 1735 1359 1804 lpsum
1376 1734 1459 1790 Divi-

344 1823 425 1868 sunt-
441 1815 574 1884 expromi
593 1816 727 1870 vocibus
761 1817 878 1888 linguae
925 1831 996 1868 num
1012 1815 1273 1886 EsseaQuo,Cui
1288 1817 1318 1868 in
1337 1817 1460 1871 bomine

346 1895 486 1948 naturalis
500 1894 690 1950 rationaliter.
923 1895 1138 1965 correspondet
1144 1895 1251 1957 anima,
1259 1905 1307 1950 est
1316 1895 1458 1950 Divinum

269 1975 271 1980 '
381 1974 527 2029 Dicebant
545 1977 625 2045 quod
644 1975 788 2030 Daunum
808 1977 879 2031 Esse
926 1974 1109 2037 Humanum,
1120 1975 1176 2031 Cui
1188 1975 1217 2029 in
1229 1977 1352 2031 homine
1361 1993 1459 2032 corre·

343 2057 384 2108 sr't
405 2055 510 2117 Unum,
523 2055 612 2118 Idem,
626 2057 735 2127 Ipsum,
748 2063 775 2110 et
792 2057 878 2112 Indi·
923 2056 1053 2124 spondet
1069 2071 1185 2126 corpus,
1199 2066 1230 2113 et
1249 2066 1295 2110 est
1316 2055 1457 2110 Divinum

343 2136 485 2198 viduum:
504 2135 544 2190 ita
560 2152 680 2207 quoque
699 2136 807 2192 Divina
825 2137 877 2192 Es·

344 2215 447 2278 sentia,
471 2214 541 2285 quia
567 2211 706 2270 Divinum
736 2217 806 2272 Esse
831 2229 877 2272 est

347 2293 602 2357 DivinaEssentia;
613 2297 653 2352 ita
658 2313 778 2368 quoque
786 2297 875 2360 Deus,

343 2375 414 2445 quia
428 2375 540 2430 Divina·
547 2376 689 2439 Essentia,
699 2394 775 2448 quae
785 2377 875 2432 etiam

343 2465 389 2510 est
409 2456 564 2510 ‘Divinum
598 2457 676 2518 Esse,
707 2468 754 2512 est
786 2458 876 2512 Deus.

346 2533 429 2590 Haec
439 2537 625 2592 illustrabant
636 2553 689 2608 per
701 2537 781 2594 ideas
791 2539 876 2608 spiri·

343 2617 452 2680 tuales5
476 2618 611 2679 dicendo,
630 2619 711 2688 quod
733 2617 874 2673 Divinum

346 2696 416 2753 Esse
427 2714 486 2753 non
498 2700 592 2768 possit
605 2700 709 2753 cadere
724 2700 752 2753 in
767 2700 873 2769 plures,

343 2795 469 2848 quorum
489 2778 648 2848 unicuique
670 2780 709 2833 sit
732 2778 874 2833 Divinum

346 2858 425 2920 Esse,
439 2870 469 2912 et
484 2868 584 2913 tamen
599 2860 669 2912 illud
685 2874 748 2913 esse
763 2858 873 2922 Unum,

343 2938 436 3000 Idem,
468 2938 579 3009 Ipsum,
609 2949 640 2993 et
674 2938 873 3003 lndividuum‚

341 3019 487 3089 cogitaret
509 3020 588 3073 enim
610 3019 737 3090 quisque
759 3036 795 3074 ex
817 3036 874 3075 suo

344 3098 416 3154 Esse
438 3116 473 3155 ex
495 3116 528 3155 se
549 3111 580 3154 et
605 3116 657 3169 per
678 3115 724 3162 se:
751 3101 775 3153 si
801 3112 875 3155 tunc

341 3180 431 3235 etiam
442 3181 529 3235 simul
540 3196 577 3234 ex
586 3180 686 3234 alteris
695 3192 726 3235 et
739 3198 792 3251 per
800 3182 873 3237 alte·

343 3277 391 3316 ros
403 3261 590 3323 unanimiter,
601 3261 699 3315 lorent
713 3262 810 3331 plures
825 3262 872 3316 Dii

341 3340 482 3403 unanimi,
512 3352 542 3395 et
574 3358 633 3395 non
667 3340 747 3397 Deus
779 3341 872 3397 Unus.

342 3420 417 3475 Nam
437 3421 624 3485 unanimitas,
644 3422 714 3491 quia
735 3434 780 3477 est
802 3438 873 3476 con-

339 3512 444 3555 sensus
454 3501 590 3571 plurium,
599 3511 632 3556 et
644 3502 732 3556 simul
741 3502 873 3573 cujusvis

339 3595 375 3635 ex
394 3596 426 3635 se
445 3592 475 3636 ct
498 3598 550 3652 per
571 3600 610 3645 se,
630 3600 690 3637 non
710 3584 873 3637 concordat

340 3678 406 3715 cum
421 3661 536 3717 unitate
550 3662 613 3725 Dei,
624 3664 676 3717 sed
691 3679 759 3718 curn
775 3662 872 3733 plura·

340 3741 423 3795 litate
457 3744 529 3811 (non
563 3743 702 3797 dixerunt
734 3744 871 3805 Deorum,

338 3822 410 3891 quia
431 3836 491 3876 non
515 3833 683 3891 potuerunt,
704 3822 768 3877 Lux
790 3824 870 3877 enim

338 3901 479 3965 Caelica
497 3919 556 3973 qua
570 3914 633 3957 erat
646 3902 788 3973 cogitatio
806 3904 871 3957 illo-

339 3996 414 4044 turn,
424 3991 455 4036 et
468 3982 497 4036 in
511 3998 571 4052 qua
583 3983 762 4052 procedebat
772 3998 870 4038 sermo

296 4064 303 4079 ¹
339 4060 466 4123 illorum,
480 4072 584 4116 contra
596 4062 764 4130 nitebatur).

925 2137 1096 2205 procedens,
1111 2133 1166 2190 Cui
1183 2136 1212 2190 in
1226 2137 1348 2191 homine
1361 2153 1457 2192 corre·

924 2217 1202 2288 spondetaClivitaa
1217 2219 1406 2274 hocTrinum
1413 2233 1457 2275 est

924 2314 1024 2360 unum,
1038 2299 1108 2369 quia
1120 2315 1157 2353 ex
1178 2299 1287 2354 Divino
1299 2315 1318 2354 a
1331 2301 1400 2372 Quo
1412 2312 1457 2356 est

925 2378 1066 2432 Divinum
1084 2379 1267 2442 Humanum,
1282 2391 1314 2435 et
1333 2381 1403 2436 inde
1420 2398 1456 2436 ex

925 2457 1035 2514 Divino
1046 2476 1065 2514 a
1077 2459 1147 2531 Quo
1162 2477 1215 2530 per
1228 2460 1372 2516 Divinum
1392 2461 1456 2516 Hu-

923 2553 1044 2593 manum
1057 2551 1103 2595 est
1123 2540 1264 2595 Divinum
1284 2544 1455 2610 procedens.

925 2617 997 2673 ldeo
1014 2620 1103 2673 etiarn
1124 2621 1153 2675 in
1168 2621 1336 2691 unoquovis
1349 2623 1455 2694 angelo

922 2709 953 2753 et
982 2700 1011 2753 in
1038 2703 1205 2771 unoquovis
1231 2703 1361 2764 homine,
1386 2704 1455 2773 quia

921 2789 992 2833 sunt
1007 2780 1157 2851 imagines,
1171 2794 1217 2836 est
1229 2783 1335 2844 anima,
1346 2800 1455 2855 corpus

921 2871 952 2914 et
964 2858 1107 2922 activitas,
1120 2876 1198 2931 quae
1214 2878 1306 2915 unum
1326 2863 1454 2926 iaciunt;

920 2941 1062 3010 quoniam
1076 2956 1112 2995 ex
1125 2942 1225 2996 anima
1236 2952 1281 2997 cst
1293 2958 1412 3013 corpus,
1425 2957 1455 3001 et

920 3021 1066 3076 exanima
1075 3036 1128 3091 per
1136 3038 1245 3091 corpus
1253 3034 1301 3077 est
1309 3022 1454 3081 activitas.

958 3101 1052 3157 Porro
1064 3102 1203 3157 dicebant
1214 3105 1295 3173 quod
1312 3104 1452 3161 Divinum

922 3181 1002 3243 Esse,
1021 3181 1103 3252 quod
1126 3183 1155 3237 in
1178 3182 1217 3237 Se
1238 3195 1285 3239 est
1307 3184 1397 3248 Deus.
1416 3188 1454 3242 sit

920 3262 1014 3325 Idem
1024 3278 1084 3316 non
1093 3262 1452 3334 ldemsimplex,sedlnli·

920 3342 1452 3404 niturn,hocest,ldemabaeternoin

919 3433 1089 3486 aeternum
1116 3434 1164 3477 est
1188 3422 1271 3478 Idem
1293 3426 1401 3489 ubivis,
1419 3444 1453 3482 ac

921 3502 1004 3558 Idem
1022 3504 1102 3573 apud
1122 3506 1353 3574 unumquemvis
1371 3517 1403 3563 et
1424 3510 1453 3562 in

918 3584 1102 3654 unoquovis:
1125 3586 1178 3639 sed
1197 3584 1278 3655 quod
1294 3602 1386 3641 omne
1403 3605 1460 3643 va·.

919 3663 996 3718 rium
1018 3674 1050 3719 et
1070 3664 1211 3720 variabile
1233 3666 1272 3719 sit
1295 3666 1325 3720 in
1347 3668 1451 3738 recipi·
1536 3721 1539 3726 .

918 3755 1003 3836 ente:
1029 3754 1125 3799 status
1145 3745 1313 3815 recipientis
1332 3747 1391 3802 hoc
1410 3748 1451 3803 fa·

917 3834 1042 3975 c¹tQuod
1057 3904 1198 3959 DIvinum
1214 3906 1294 3970 Esse,
1307 3909 1390 3977 quod
1406 3921 1451 3964 est

918 3984 1000 4039 Deus
1025 3985 1055 4039 in
1080 3984 1126 4047 Se,
1145 3987 1191 4045 ‚sit
1214 3987 1324 4056 Ipsum,
1349 3988 1393 4044 ita
1418 3991 1451 4045 il·

860 4101 863 4105 ι
917 4065 1149 4121 lustrabant:-“
1163 4066 1244 4123 Deus
1266 4079 1312 4123 est
1338 4068 1449 4140 Ipsum,

375 4140 521 4197 Dicebant
533 4143 622 4196 etiam
636 4142 716 4212 quod
730 4158 798 4196 curn
811 4145 870 4197 vel·
916 4144 987 4215 quia
997 4156 1044 4201 est
1057 4145 1124 4216 Ipse
1134 4146 1237 4209 Amor,
1249 4148 1319 4218 lpsa
1327 4148 1449 4221 Sapien-

336 4221 399 4277 lent
418 4223 571 4277 enuntiare
591 4220 679 4283 Deos,
692 4237 727 4276 ac
745 4225 870 4292 quemli-
916 4226 965 4286 tia,
989 4224 1091 4295 Ipsum
1115 4226 1241 4289 Bonum,
1266 4228 1369 4299 Ipsum
1392 4232 1450 4287 Ve-

336 4302 388 4357 bet
409 4312 443 4357 ut
467 4302 626 4358 Personam
651 4320 703 4372 per
723 4320 763 4365 se,
782 4306 870 4359 cadat
916 4320 989 4367 rum,
1004 4305 1072 4375 lpsa
1085 4307 1169 4369 Vita:
1186 4324 1263 4377 quae
1276 4310 1334 4364 nisi
1351 4310 1450 4367 forent

336 4392 462 4438 conatus
472 4384 646 4439 enuntiandi
661 4383 741 4438 illico
750 4400 786 4438 ex
797 4385 868 4439 sein
918 4384 1019 4455 lpsum
1043 4387 1073 4441 in
1097 4386 1171 4449 Deo,
1195 4388 1245 4443 illa
1267 4405 1327 4444 nou
1350 4391 1449 4446 forent

337 4460 448 4526 Unum,
467 4464 528 4518 imo
553 4463 582 4517 in
609 4464 738 4518 Unicum
762 4464 868 4519 Deum.
915 4467 1027 4537 aliquid
1050 4468 1080 4521 in
1102 4466 1194 4523 Caelo
1215 4480 1247 4524 et
1269 4469 1299 4524 in
1321 4472 1448 4535 mundo;

337 4540 394 4597 liis
426 4543 584 4605 addebant,
609 4545 690 4614 quod
726 4544 868 4599 Divinum
915 4547 986 4616 quia
1007 4564 1067 4602 non
1090 4547 1168 4602 loret
1185 4550 1308 4620 aliquod
1331 4552 1446 4607 illorum

338 4622 410 4678 Esse
422 4623 614 4678 sitDivinum
627 4624 698 4680 Esse
709 4624 737 4679 in
749 4624 795 4689 Se,
806 4641 866 4680 non
916 4627 1071 4683 relativum
1080 4629 1117 4683 ad
1126 4627 1238 4699 Ipsum.
1256 4629 1446 4704 Omnequale
