3384 5400
546 652 626 703 cnr.
643 651 732 713 xlx„
748 650 853 702 vens.
874 651 1000 721 15.-tt.
1016 640 1087 721 829
1315 654 1374 722 731

314 822 414 905 829·
442 828 461 859 ¹¹
469 821 507 884 tt
521 822 589 903 ipss
604 822 710 885 calent
722 815 862 885 torculur
874 809 936 885 ¹vitri
952 822 1068 885 furoris
1082 828 1117 885 st
1128 821 1195 886 irus
1210 822 1269 886 usi
1280 822 1377 887 Omni-

253 912 426 995 poioniis,''
441 911 611 993 significat
633 911 723 994 quod
739 911 906 976 Dominus
928 912 1020 975 solus
1041 913 1245 976 sustinuerit
1263 914 1377 977 onznia

251 1006 348 1069 mala
375 1004 550 1078 Ecclesiae,
580 1013 613 1067 et
643 1026 768 1067 omnem
796 1004 986 1068 violentiam
1015 1004 1148 1068 illatam
1184 1004 1298 1080 Verba,
1328 1006 1378 1069 ita

252 1099 446 1164 Sibi-Per
466 1101 608 1163 “vinum
631 1098 749 1162 suroris
771 1107 806 1163 et
831 1100 899 1162 irae
923 1099 986 1164 Dei
994 1099 1009 1126 '’
1031 1098 1265 1181 significantur
1286 1100 1378 1164 bona

251 1205 289 1259 et
318 1215 399 1259 vera
428 1192 616 1269 Ecclesiae,
645 1214 731 1277 quae
760 1214 806 1257 ex
833 1192 951 1257 Verbo
980 1202 1069 1269 sunt,
1098 1194 1312 1277 prophanata
1341 1206 1377 1258 et

251 1290 458 1364 adulterata,
482 1290 531 1353 ita
552 1288 643 1352 mala
667 1298 702 1352 et
728 1288 813 1352 salsa
835 1286 1013 1352 Ecclesiae
1037 1286 1084 1371 (n.
1110 1288 1180 1369 316,
1204 1288 1277 1369 632,
1300 1289 1374 1371 635,

250 1384 331 1467 758)
344 1406 353 1462 ;
372 1405 432 1467 per
445 1384 606 1448 “calcare
619 1383 790 1447 torcular’·
799 1384 887 1447 illius
900 1384 977 1458 vini,
990 1382 1198 1465 significatur
1210 1386 1376 1448 sustinere

250 1478 322 1554 illa,
350 1499 502 1562 pugnare
529 1488 650 1542 contra
676 1477 744 1551 illa,
769 1488 805 1541 et
832 1477 1071 1553 condemnare,
1096 1487 1131 1541 et
1158 1480 1206 1541 sic
1235 1477 1376 1543 liberare

250 1573 398 1657 angelos
420 1575 454 1637 in
478 1571 590 1637 Caelis
612 1583 647 1636 et
669 1572 825 1635 homines
848 1573 882 1636 in
905 1574 1002 1635 terris
1025 1572 1068 1635 ab
1091 1572 1308 1637 infestatione
1331 1595 1376 1637 ex

250 1669 329 1733 illis.
361 1668 527 1731 Dominus
539 1668 629 1731 enim
641 1668 675 1730 in
688 1667 850 1731 mundum
863 1668 966 1741 venit,
979 1676 1016 1729 ut
1028 1666 1222 1749 subjugaret
1236 1667 1375 1741 inferna,

251 1785 340 1848 quae
359 1773 440 1828 tunc
460 1772 698 1828 succreverant
717 1771 755 1826 ut
772 1763 960 1844 inciperent
979 1762 1138 1826 infestare
1154 1762 1297 1843 angelos
1308 1783 1316 1840 ;
1340 1774 1376 1826 et

251 1861 446 1950 subjugavit
464 1860 523 1925 illa
543 1880 602 1943 per
621 1881 752 1945 pugnas
771 1870 892 1924 contra
909 1858 977 1936 illa,
997 1861 1045 1924 ita
1066 1882 1126 1943 per
1145 1862 1375 1939 tentationes;

251 1978 334 2022 nam
344 1957 555 2021 tentationes
565 1954 755 2036 spirituales
765 1974 834 2017 non
844 1953 935 2017 aliud
946 1963 1025 2017 sunt
1035 1974 1136 2037 quam
1148 1975 1375 2037 pugnaecon·

252 2064 307 2117 tra
319 2052 456 2115 inferna.
501 2048 549 2114 Et
561 2051 637 2133 quia
650 2051 759 2112 omnis
775 2050 879 2113 homo
891 2050 924 2111 in
937 2050 1110 2113 consortio
1123 2060 1176 2113 est
1189 2070 1266 2113 cum
1279 2051 1375 2133 spiri·

252 2148 345 2211 tibus
354 2146 466 2229 quoad
478 2144 549 2227 ejus
559 2141 753 2209 affeiiiones
765 2154 800 2207 et
813 2144 892 2207 inde
902 2144 1140 2225 cogitationes,
1153 2144 1257 2208 homo
1267 2144 1376 2208 malus

252 2254 332 2306 cum
355 2241 525 2323 spiritibus
547 2260 592 2302 ex
617 2238 762 2313 inferno,
787 2248 822 2301 et
845 2238 949 2301 homo
972 2238 1080 2300 bonus
1104 2256 1180 2301 cum
1204 2237 1335 2320 angelis
1356 2260 1376 2303 e

251 2330 1375 2417 Caelo,quarecumDominussubjugavitinserna‚nonsolumlibe·

252 2431 342 2494 ravit
354 2428 497 2511 angelos
510 2426 604 2492 Caeli
616 2427 660 2492 ab
671 2427 899 2501 infestatione,
914 2426 973 2491 sed
990 2428 1093 2490 etiam
1106 2427 1261 2490 homines
1273 2426 1375 2491 tellu-

252 2526 308 2589 ris.
333 2523 410 2587 Hoc
421 2524 535 2605 itaque
545 2532 609 2598 eat,
621 2522 712 2605 quod
723 2521 932 2603 significatur
944 2541 1003 2603 per
1013 2522 1096 2584 haec
1108 2521 1197 2603 apud
1208 2518 1351 2607 Escy'am
1362 2544 1375 2585 .·

305 2666 444 2718 “Morbos
462 2676 570 2718 nostros
588 2666 637 2716 Ille
654 2666 722 2725 tulit,
737 2674 764 2715 et
781 2666 889 2715 dolores
902 2674 1009 2716 nostros
1023 2664 1072 2715 Ille
1084 2665 1217 2730 portavit:
1234 2675 1313 2730 atque
1327 2665 1376 2717 Ille

384 2733 527 2782 confossus
544 2743 586 2782 est
603 2742 712 2795 propter
728 2732 970 2795 praevaricationes
988 2743 1103 2791 nostras,
1120 2741 1248 2781 contusus
1266 2743 1377 2796 propter

385 2799 539 2861 iniquitates
549 2808 671 2852 nostras:
683 2807 711 2846 et
719 2798 830 2846 vulnere
841 2796 906 2859 Ejus
916 2797 1017 2846 sanitas
1024 2799 1088 2847 data
1095 2807 1136 2846 est
1146 2798 1223 2847 nobis
1234 2813 1240 2855 ;
1252 2797 1375 2862 Jebovalt

385 2865 520 2914 incurrere
531 2863 594 2913 iecit
605 2865 633 2912 in
647 2863 725 2913 Illum
738 2863 904 2926 iniquitatem
917 2862 1037 2912 omnium
1051 2874 1171 2912 nostrum
1183 2878 1189 2919 ;
1207 2861 1375 2913 exactionem

384 2930 520 2987 sustinuit,
531 2931 636 2978 excisus
645 2939 686 2979 est
698 2938 794 2978 eterra
802 2928 959 2986 viventium,
971 2929 1006 2977 ob
1016 2929 1270 2991 praevaricationem
1284 2931 1375 2992 populi

386 2995 450 3056 Mei,
464 2995 572 3059 plagam
584 2995 645 3054 illis,
659 3005 686 3044 et
698 2993 787 3056 posuit
798 3002 901 3043 reatum
913 2994 1030 3043 animam
1045 2994 1125 3044 Suam
1134 2994 1148 3013 ''
1160 2994 1217 3057 (liii.
1228 2991 1347 3057 4-1o[¹1);

252 3135 337 3200 haec
358 3133 400 3198 de
425 3133 573 3197 Domino
591 3142 627 3196 et
645 3132 688 3196 de
712 3132 820 3216 lpsius
839 3132 1086 3196 tentationibus
1104 3133 1148 3196 ab
1167 3132 1319 3208 Infernis,
1339 3145 1375 3197 et

254 3230 395 3294 tandem
412 3250 432 3292 a
446 3227 593 3309 Judaeis,
610 3247 630 3290 a
645 3228 764 3310 quibus
780 3225 959 3290 crucifixus
975 3235 1038 3289 est.
1083 3226 1220 3308 Pugnae
1238 3227 1376 3291 Domini

254 3325 358 3388 etiam
374 3323 609 3386 describuntur
624 3321 713 3403 apud
728 3319 881 3407 Esaiam,
899 3340 972 3404 cap.
985 3319 1066 3384 lxiii.
1084 3337 1172 3398 1-10,
1186 3323 1275 3386 inter
1289 3343 1376 3405 quae

254 3419 359 3482 etiam
377 3418 461 3480 haec
480 3426 578 3480 sunt:

305 3561 427 3612 “Vestes
437 3561 511 3691 {uae
522 3560 590 3610 sicut
599 3560 727 3610 calcantis
739 3559 767 3608 in
780 3560 920 3619 torculari;
938 3560 1054 3610 torcular
1062 3559 1162 3610 calcavi
1173 3561 1248 3611 solus
1255 3560 1270 3581 ''
1279 3559 1373 3626 ([vers.

385 3639 436 3688 ῃ
469 3641 476 3682 ς

256 3778 314 3840 per
331 3777 418 3840 quae
436 3754 655 3837 significatur,
675 3751 765 3837 quo'd
789 3752 888 3818 Solus
910 3753 1105 3818 sustinuerit
1128 3754 1218 3818 mala
1237 3766 1272 3819 et
1292 3755 1376 3820 ialsa

256 3851 442 3924 Ecclesiae,
466 3861 502 3914 et
525 3870 662 3914 omnem
685 3850 883 3914 violentiam
911 3850 1043 3914 illatam
1067 3849 1194 3926 Verbo,
1219 3853 1267 3914 ita
1294 3849 1373 3914 Sibi.

257 3945 388 4010 Dicitur
402 3945 599 4008 violentiam
619 3944 714 4007 illata
729 3943 857 4020 Verbo,
875 3945 924 4008 ita
942 3943 1022 4019 Sibi,
1039 3946 1116 4028 quia
1136 3944 1302 4008 Dominus
1321 3958 1375 4009 est

256 4037 426 4117 Verbum;
454 4048 490 4103 et
513 4038 630 4102 Verbo
651 4048 687 4102 et
712 4038 780 4120 lpsi
803 4038 952 4102 Domino
974 4038 1071 4102 illata
1094 4050 1146 4103 est
1170 4039 1333 4103 violentia
1355 4061 1375 4102 a

257 4131 433 4216 Religioao
448 4132 628 4198 Catholico
645 4133 813 4207 Romano,
831 4143 903 4196 tum
919 4155 940 4196 a
956 4133 1131 4216 Religioso
1148 4135 1235 4216 apud
1255 4134 1375 4198 Reior-

257 4239 369 4292 matos
387 4228 430 4292 de
448 4227 523 4291 sola
542 4227 644 4318 Fide:
668 4227 763 4309 hujus
782 4237 818 4292 et
837 4229 933 4290 istius
953 4227 1043 4291 mala
1061 4237 1097 4292 et
1115 4228 1199 4290 ialsa
1218 4229 1376 4292 sustinuit

257 4322 433 4396 Dominus,
448 4342 524 4386 cum
541 4321 709 4387 Ultimum
721 4322 887 4404 Judicium
903 4322 994 4396 iecit,
1007 4342 1067 4404 per
1078 4322 1169 4405 quod
1184 4321 1375 4404 subjugavit

257 4417 376 4480 iterum
401 4415 550 4494 inferna;
580 4436 667 4499 quae
689 4417 752 4480 nisi
777 4417 899 4480 iterum
926 4416 1105 4498 subjugata
1130 4415 1281 4491 fuissent,
1307 4437 1376 4480 non

257 4511 423 4591 potuisset
441 4508 510 4573 ulla
532 4530 612 4575 caro
630 4509 763 4588 salvari,
784 4519 821 4574 ut
845 4510 923 4594 lpse
944 4511 1034 4593 apud
1055 4509 1266 4574 Matthaeum
1286 4509 1374 4601 (cap.

257 4605 350 4668 xxiv.
369 4619 420 4680 21,
441 4603 510 4688 22),
530 4605 621 4668 dicit.
