3384 5400
545 695 624 746 car.
641 693 846 758 xv1.,vans.
864 691 972 743 2.·-u.
987 677 1060 761 678.
1298 677 1359 759 589

287 862 1357 992 uhnntmuc‘tntturrtn

254 977 258 984 .
368 947 559 990 nona,e
641 947 676 996 qu
878 945 966 980 ereur
1202 963 1274 977 .·
1351 940 1357 982 ἱ

289 997 418 1112 “tollii
420 1009 527 1110 {bilici
530 995 675 1120 linientem,
689 1070 717 1111 et
732 1061 795 1111 date
811 1061 921 1111 habenti
933 1059 1025 1110 decem
1037 1059 1155 1115 talentu
1172 1072 1235 1107 nem
1246 1057 1357 1106 babenti

368 1129 442 1176 omni
453 1128 559 1178 dabitur
567 1136 597 1177 ut
607 1128 732 1185 abundet,
744 1137 771 1176 et
782 1127 817 1176 ab
825 1141 859 1176 eo
869 1136 960 1176 autem
969 1126 1014 1188 qui
1025 1140 1081 1174 non
1093 1125 1181 1182 habet,
1192 1124 1273 1173 etiam
1285 1122 1358 1186 quod

367 1193 448 1242 babet
459 1193 593 1244 acueretur
604 1194 639 1243 ab
650 1207 684 1242 eo
691 1191 706 1211 '’
716 1191 825 1255 (March.
836 1206 899 1242 xxv.
911 1191 951 1250 28,
963 1203 1011 1256 29;
1027 1189 1092 1240 Luc.
1103 1191 1157 1240 xlm
1170 1187 1269 1250 14-46).

296 1341 391 1424 677.
417 1351 501 1419 [νινε.
515 1351 555 1418 a]
580 1339 645 1404 ‘ll
665 1339 756 1404 adivit
773 1339 901 1423 primus,
925 1345 959 1404 et
980 1340 1088 1404 alludit
1105 1339 1240 1421 plinium
1263 1357 1359 1420 super

235 1431 391 1502 terrun,''
405 1429 573 1512 significat
594 1431 631 1494 in
652 1430 730 1494 illos
745 1429 805 1512 qui
821 1430 858 1493 in
873 1430 1093 1494 interioribus
1107 1428 1277 1492 Ecclesiae
1289 1429 1356 1492 Re·

229 1523 454 1600 formatorem
469 1533 556 1596 sunt,
569 1531 601 1585 et
614 1522 784 1586 doctrinae
786 1520 1039 1604 Jitsttficattbnis
1049 1532 1114 1602 per
1124 1521 1230 1584 solam
1240 1520 1357 1584 Fallem

233 1615 377 1691 student,
411 1616 472 1698 qui
498 1627 657 1680 vocantur
691 1614 927 1680 Clerici—Per
956 1614 1154 1678 “effundere
1185 1614 1332 1697 phialam
1342 1616 1356 1642 '’

233 1709 443 1792 significatur
458 1709 602 1774 influxus
620 1708 672 1791 (ut
687 1729 796 1791 supra,
813 1727 844 1771 n.
860 1708 938 1791 676)
952 1730 960 1786 3
984 1729 1043 1790 per
1060 1709 1236 1772 “terram”
1251 1711 1355 1792 signi-

233 1802 354 1867 ficatur
366 1803 520 1867 Ecclesia
535 1802 581 1886 (n.
595 1803 683 1886 285),
697 1803 750 1867 hic
763 1804 852 1885 apud
868 1801 945 1865 illos
956 1802 1001 1865 ibi
1025 1804 1080 1885 qui
1095 1804 1128 1866 in
1145 1805 1356 1868 interioribus

233 1897 306 1978 ejus
328 1907 417 1972 sunt,
442 1899 599 1980 quisunt
622 1899 677 1980 qui
700 1895 874 1961 doetrinae
892 1895 1140 1978 justificationis
1166 1917 1225 1980 per
1247 1898 1356 1963 solam

235 1991 356 2054 Fidem
380 1992 539 2070 student3
567 1991 600 2054 hi
623 2011 755 2074 quoque
778 1993 894 2055 dicunt
918 2011 955 2054 se
977 1992 1136 2054 interiora
1158 1991 1228 2072 ejus
1250 1994 1356 2071 scire3

233 2095 271 2149 at
288 2087 446 2149 interiora
462 2097 540 2149 sunt
555 2087 657 2149 modo
669 2085 941 2149 confirmationes
954 2087 1049 2148 unius
1065 2087 1251 2167 positionis,
1265 2089 1356 2170 quod

233 2179 308 2243 sola
332 2179 433 2244 Fides
452 2179 613 2262 justificet
635 2181 761 2262 absque
780 2178 947 2263 Operibus
968 2179 1090 2261 Legis;
1114 2179 1179 2243 alia
1197 2182 1357 2246 interiora

234 2294 304 2337 non
322 2277 432 2338 sciunt
447 2297 454 2352 ;
478 2285 513 2338 et
529 2275 606 2358 quia
624 2275 657 2337 in
676 2273 740 2337 illis
756 2275 933 2357 praecipue
949 2283 1027 2337 sunt
1044 2273 1256 2350 Sacerdotes,
1274 2276 1355 2340 Pro·

232 2368 377 2432 sessores
393 2368 604 2451 Theologiae
619 2380 655 2433 et
672 2365 834 2432 Lediores
850 2367 1121 2449 Gymnasiorum,
1139 2370 1244 2432 verbo
1263 2370 1353 2434 Doc-

233 2473 328 2526 tores
354 2473 390 2526 et
420 2463 587 2538 Pastores‚
615 2462 691 2526 ideo
721 2464 844 2546 primus
871 2462 924 2525 hic
952 2462 1097 2525 influxus
1124 2465 1157 2525 in
1184 2463 1271 2538 illos,
1299 2467 1355 2547 qui

233 2567 399 2620 vocantur
416 2556 545 2632 Clerici,
562 2554 668 2620 fabius
684 2570 757 2635 est;
781 2557 871 2640 quod
889 2557 936 2619 illi
952 2559 1019 2620 sint
1035 2559 1090 2640 qui
1108 2556 1354 2638 intelliguntur,

233 2659 289 2715 est
307 2652 384 2734 quia
403 2651 524 2715 dicitur
542 2652 631 2734 quod
656 2653 779 2734 primus
799 2651 955 2734 Angelus
978 2650 1129 2715 effuderit
1152 2652 1300 2735 phialam
1321 2656 1355 2718 in

233 2744 419 2818 “terram”
446 2757 481 2810 et
511 2746 677 2809 secundus
702 2745 858 2827 Angelus
885 2748 918 2808 in
948 2746 1097 2819 “mare”
1123 2758 1157 2810 et
1185 2758 1267 2811 tunc
1296 2769 1356 2831 per

234 2844 390 2902 “terram
399 2839 414 2865 ”
429 2840 628 2921 intelligitur
645 2840 798 2903 Ecclesia
814 2839 904 2922 apud
919 2840 995 2903 illos
1010 2842 1066 2923 qui
1081 2842 1113 2903 in
1130 2842 1270 2904 internis
1286 2842 1355 2924 ejus

231 2943 324 3009 sunt,
345 2944 379 2997 et
403 2954 461 3016 per
481 2934 624 2997 ‘'mare’'
640 2935 839 3016 intelligitur
862 2933 1017 2998 Ecclesia
1035 2935 1123 3017 apud
1146 2935 1223 2999 illos
1242 2937 1297 3018 qui
1320 2938 1355 2999 in

233 3028 388 3091 externis
411 3028 480 3108 ejus
503 3037 581 3090 sunt
606 3028 657 3109 (ut
681 3048 789 3111 supra,
815 3047 846 3091 n.
872 3030 942 3109 398,
965 3044 1038 3108 403,
1061 3044 1134 3107 404,
1157 3045 1231 3107 420,
1254 3030 1355 3113 470),

232 3121 325 3205 quod
342 3121 389 3184 illi
404 3121 647 3204 intelligantur,
662 3132 757 3204 patet
773 3124 877 3186 etiam
892 3143 937 3186 ex
953 3142 1005 3197 eo,
1019 3123 1109 3206 quod
1122 3124 1252 3187 dicatur
1264 3126 1355 3207 quod

234 3212 389 3279 “iadium
408 3218 451 3279 sit
470 3215 563 3278 ulcus
582 3216 614 3278 in
633 3216 725 3279 illis.''

295 3310 394 3394 ⁶78.
422 3311 487 3374 “tr
506 3312 622 3374 ioelum
643 3317 695 3375 ost
713 3312 803 3375 ulcus
822 3311 935 3374 mulum
954 3317 989 3375 at
1006 3312 1163 3386 noriunr,''
1183 3314 1355 3395 significat

233 3402 395 3466 intertum
421 3402 510 3467 mala
535 3414 567 3465 et
583 3403 684 3484 falsa
709 3404 913 3467 destruiiura
938 3404 1043 3467 omnis
1070 3405 1200 3481 boniet
1223 3408 1355 3471 veriin

233 3496 498 3561 Ecclesia-Per
514 3497 657 3560 “ulcus'’
672 3497 725 3561 hic
745 3518 813 3561 non
832 3498 922 3561 aliud
941 3497 1148 3580 significatur
1163 3520 1263 3582 quam
1282 3523 1354 3566 ma·

234 3590 305 3655 lum
323 3592 498 3655 oriundum
516 3612 561 3655 ex
577 3592 648 3655 vita
663 3594 848 3656 secundum
866 3593 930 3656 hoc
947 3602 1048 3675 caput
1063 3592 1247 3671 doctrinae,
1264 3599 1354 3679 quod

234 3684 309 3748 sola
337 3685 437 3748 Fides
464 3687 535 3749 sine
562 3684 728 3767 Operibus
755 3686 859 3768 Legis
881 3686 1042 3768 justificet
1068 3697 1103 3751 et
1130 3689 1250 3763 salvet,
1278 3693 1355 3774 quia

235 3781 395 3861 sequitur,
413 3780 474 3843 “in
491 3780 681 3845 hominibus
699 3781 902 3845 habentibus
917 3780 1146 3846 characterem
1166 3782 1300 3849 Bestiae
1319 3798 1354 3851 et

235 3874 419 3955 imaginem
441 3873 511 3955 ejus
529 3874 775 3952 adorantibus,”
794 3896 853 3957 per
871 3896 957 3958 quae
979 3875 1037 3938 illa
1057 3874 1141 3939 fides
1158 3887 1194 3940 et
1212 3879 1282 3941 vita
1300 3901 1354 3942 se·

236 3968 382 4031 cundum
411 3966 503 4033 illam
532 3968 757 4049 significatur;
793 3990 896 4054 quare
924 3990 983 4053 per
1014 3970 1134 4033 “ulcus
1164 3971 1289 4047 malum
1319 3986 1354 4039 et

236 4061 399 4124 noxium’'
422 4060 651 4143 significantur
677 4064 836 4127 interiora
863 4064 952 4127 mala
977 4074 1013 4128 et
1039 4064 1123 4127 salsa
1148 4064 1355 4130 destrudiiva

236 4156 345 4219 omnis
366 4154 444 4219 boni
463 4165 498 4220 et
517 4156 585 4220 veri
609 4158 641 4220 in
662 4156 836 4236 Ecclesia,
860 4179 918 4242 per
938 4160 1129 4223 “noxium”
1147 4160 1355 4242 significatur

236 4247 489 4325 destrudiivum,
508 4261 543 4314 et
562 4248 688 4314 malum
707 4271 774 4315 non
798 4263 913 4335 potest
934 4273 1002 4316 non
1021 4254 1193 4318 destruere
1216 4255 1352 4333 bonum,

237 4364 276 4407 ac
300 4343 418 4408 falsum
442 4365 566 4408 verum.
620 4342 721 4426 Quod
747 4346 893 4409 “ulcus”
916 4347 974 4411 illa
998 4347 1175 4430 significet,
1201 4361 1253 4413 est
1278 4351 1355 4432 quia

237 4434 347 4499 ulcera
364 4438 512 4519 corporis
527 4438 677 4502 oriuntur
693 4460 737 4503 ex
754 4441 940 4505 vitiositate
956 4444 1137 4524 sanguinis,
1154 4454 1211 4507 aut
1228 4466 1272 4507 ex
1288 4444 1355 4508 alia

237 4529 450 4612 malignitate
476 4532 654 4611 interiore;
692 4534 845 4599 similiter
869 4535 982 4601 ulcera
1007 4538 1039 4600 in
1066 4539 1227 4620 spirituali
1252 4560 1354 4602 sensu

236 4622 420 4701 intelledia,
437 4625 520 4689 haec
536 4627 686 4690 oriuntur
701 4648 745 4691 ex
763 4631 1043 4712 concupiscentiis
1058 4641 1093 4694 et
1109 4652 1223 4695 earum
1235 4632 1353 4715 jucun·
