3384 5400
362 711 424 777 808
678 720 926 774 urocuurrsrs
948 720 1158 772 navatam.
1221 709 1229 717 '

413 897 430 919 “
439 895 559 947 Interdiu
569 904 596 945 et
613 890 696 945 noctu
706 894 871 946 deotmunt
888 893 962 959 impii
979 894 1007 945 iu
1019 894 1097 953 urbe,
1111 906 1191 957 super
1209 890 1294 943 Muris
1305 890 1379 955 eim.
1393 890 1478 955 perdi·

492 956 580 1011 tiones
592 961 620 1009 in
633 960 721 1009 medio
732 958 832 1019 eius1¹1''
844 962 954 1023 (Proin.
965 963 1000 1013 lv.
1013 975 1051 1019 ιι,
1063 975 1092 1010 12
1113 958 1152 1008 ’8,
1163 960 1197 1011 Α.
1211 973 1248 1015 ιο.
1261 958 1322 1025 ιι]).

408 1025 759 1151 (Ρηεῑῐοιιίιῑῖἰιῑῖἰῆἓῑίξῖζ.
777 1024 841 1074 nii.
857 1034 888 1083 5;
905 1038 963 1085 esp.
978 1022 1023 1075 ivi.
1039 1034 1069 1083 53
1177 1058 1184 1073 .
1198 1022 1215 1073 i.
1228 1032 1274 1083 15;
1292 1020 1383 1073 Euri.
1396 1022 1475 1075 xxvii.

361 1232 462 1315 Quod
481 1233 632 1303 Verbum
656 1232 688 1294 in
711 1228 819 1294 Sensu
841 1230 959 1302 literae
978 1252 1038 1319 per
1057 1230 1241 1294 “murum'’
1259 1228 1475 1311 significetur.

354 1339 456 1415 ¹patet
479 1328 567 1391 clare
593 1348 638 1389 ex
664 1326 882 1409 sequentibus
905 1324 1002 1413 hujus
1025 1326 1154 1408 capitis,
1178 1324 1268 1407 quod
1298 1325 1342 1388 de
1369 1343 1476 1397 muro,

360 1422 429 1506 ejus
446 1423 561 1504 portis,
578 1420 804 1486 fundamentis
820 1430 856 1485 et
873 1422 1037 1483 mensuris
1053 1418 1196 1482 multum
1212 1428 1353 1501 agotum
1375 1436 1477 1481 causa

355 1527 423 1603 est,
447 1517 524 1601 quia
553 1512 717 1581 Dodirina
747 1512 866 1579 Novae
895 1512 1082 1587 Ecclesiae,
1110 1532 1196 1595 quae
1226 1533 1284 1597 per
1308 1508 1477 1597 ‘fur'bem'

358 1608 575 1691 significatur,
595 1610 691 1672 unice
709 1617 762 1671 est
781 1630 826 1671 ex
845 1606 953 1673 Sensu
973 1608 1090 1675 literae
1109 1606 1223 1671 Verbi.

419 1702 525 1783 899.
553 1700 744 1769 ‘namnum
761 1706 872 1782 portos
892 1699 1086 1773 consciust
1106 1698 1274 1781 significat
1296 1696 1348 1762 ibi
1366 1716 1477 1761 omnes

358 1793 554 1875 cognitiones
576 1793 651 1855 ueri
668 1802 701 1856 et
721 1793 804 1865 boni,
819 1804 884 1875 per
900 1813 985 1875 qnos
1003 1792 1098 1855 homo
1115 1788 1337 1859 introducitur
1357 1789 1392 1853 in
1414 1788 1477 1852 Ec-

358 1888 608 1951 clesiam—Per
638 1888 810 1969 “portas''
831 1886 1064 1969 significantur
1093 1886 1311 1968 cognitiones
1340 1884 1412 1949 veri
1441 1893 1476 1948 et

357 1983 438 2056 boni
456 2003 501 2046 ex
520 1980 648 2058 Verbo,
666 1982 742 2064 quia
761 2004 819 2065 per
838 1980 913 2047 illas
931 1982 1035 2045 homo
1054 1980 1279 2048 introducitur
1301 1980 1335 2042 in
1354 1978 1476 2043 Eccle-

359 2078 462 2154 siam3
495 2075 659 2139 “murus”
678 2078 766 2139 enim
789 2079 822 2140 in
845 2097 914 2159 quo
937 2086 1057 2158 portae
1074 2084 1182 2148 erant,
1202 2073 1370 2156 significat
1390 2072 1476 2151 Ver-

358 2174 449 2244 bum,
466 2171 590 2252 dequo
608 2190 690 2234 mox
706 2190 805 2253 supra
822 2170 870 2252 (n.
887 2168 963 2253 898)
978 2190 985 2248 ;
1009 2181 1044 2234 et
1063 2172 1095 2233 in
1112 2170 1328 2251 sequentibus
1344 2168 1475 2239 dicitun

359 2264 449 2347 quod
469 2264 675 2327 “duodecim
695 2274 813 2346 portae
831 2263 1009 2331 duodecim
1029 2265 1232 2346 margaritae
1251 2272 1377 2337 essent,
1394 2280 1476 2325 una·
1557 2316 1562 2323 .

359 2360 495 2442 quaevis
513 2368 685 2441 portamm
704 2378 770 2422 una
785 2361 969 2439 margarita
979 2358 994 2384 ¹’
1012 2356 1111 2441 (vers.
1129 2356 1205 2439 21);
1229 2366 1264 2421 et
1283 2376 1342 2439 per
1359 2362 1378 2389 ‘⁴
1389 2376 1475 2420 mar·

360 2456 486 2535 garitae
495 2452 509 2480 '’
520 2450 754 2534 significantur
765 2454 979 2535 cognitiones
992 2454 1061 2515 veri
1077 2463 1112 2516 et
1125 2452 1205 2515 boni
1220 2449 1266 2533 (n.
1277 2451 1369 2532 727);
1386 2450 1475 2535 quod

358 2550 462 2611 homo
480 2568 538 2629 per
557 2545 631 2609 illas
650 2548 884 2621 introducatur
901 2548 934 2609 in
954 2544 1154 2619 Ecclesiam,
1175 2548 1261 2609 sicut
1282 2564 1342 2627 per
1360 2556 1488 2628 portas.

358 2645 391 2708 in
423 2637 549 2715 urbem,
579 2652 698 2724 patet:
739 2641 829 2725 quod
861 2641 1068 2706 “duodecim
1080 2640 1095 2669 ’'
1124 2638 1314 2724 significent
1347 2662 1474 2714 omnes.

358 2737 513 2801 videatur
530 2755 630 2818 supra
650 2736 697 2817 (n.
716 2737 802 2818 348).
846 2735 910 2800 Per
925 2741 1070 2818 “portas
1078 2735 1094 2764 ''
1109 2734 1340 2818 significantur
1358 2737 1477 2819 cogni-¹

358 2834 469 2896 tiones
486 2831 556 2894 veri
575 2831 719 2904 erboni,
738 2833 841 2895 etiam
861 2833 894 2894 in
912 2829 965 2894 his
984 2829 1086 2895 locis:

410 2974 615 3027 “Fundamenta
632 2981 678 3026 tua
695 2989 794 3036 ponem
811 2975 839 3023 in
856 2973 998 3038 sapphiris,
1010 2983 1037 3026 et
1046 2989 1154 3103 &nam
1166 2989 1297 3038 pyropum
1315 2975 1387 3026 soles
1405 2985 1474 3034 tuos,

488 3047 515 3089 et
528 3037 622 3088 Portus
634 3049 694 3089 tuas
706 3039 732 3088 in
746 3039 848 3101 lapides
860 3040 1012 3088 carbunculi
1019 3039 1034 3059 ”
1081 3039 1130 3104 soj.
1142 3039 1187 3092 iis.
1200 3052 1238 3099 ιι,
1252 3041 1308 3100 12);

410 3105 542 3155 “Amans
563 3103 686 3169 Jehovab
711 3104 806 3153 Portas
829 3104 920 3154 Zionis
946 3119 1010 3166 prae
1035 3105 1160 3155 omuibus
1183 3105 1341 3156 habitaculis
1363 3105 1475 3172 Jsoobi:

488 3171 606 3232 gloriosa
615 3168 792 3248 praedicanda
800 3167 888 3219 suntid
897 3170 923 3218 in
931 3178 966 3226 te.
978 3169 1049 3248 iirbs
1059 3169 1108 3219 Dei
1116 3170 1131 3190 ”
1138 3171 1246 3250 (Preion.
1256 3170 1366 3221 lxxxvii.
1377 3169 1414 3238 2[,
1424 3169 1460 3250 31)
1469 3187 1474 3228 ;

410 3239 428 3262 “
437 3235 539 3286 torno
550 3249 599 3298 per
612 3235 707 3284 Portas
720 3234 809 3297 tpeme
825 3236 853 3284 in
870 3234 1051 3295 eouisssrone,
1065 3235 1230 3286 confitemini
1248 3235 1312 3299 ipsi.
1327 3235 1475 3286 benedicite

491 3301 600 3350 Nomini
614 3299 702 3362 ipsius
710 3299 724 3318 ’¹
733 3299 845 3361 (Proles.
856 3315 879 3349 e.
889 3300 931 3360 4);

410 3367 542 3416 “stantes
549 3365 659 3420 inerunt
667 3365 749 3428 pedes
759 3366 845 3415 nostri
854 3367 881 3416 in
893 3365 981 3416 Portis
990 3366 1051 3424 mis.
1065 3365 1272 3430 Hierosolyma:
1285 3365 1475 3432 Hierosolyma

488 3431 627 3482 aedificate
638 3430 707 3480 sicut
720 3430 792 3480 Urbs
803 3445 872 3495 quse
883 3431 1008 3482 cohaeret
1019 3446 1073 3481 une
1080 3429 1094 3451 ’'
1105 3431 1215 3494 (Proles.
1226 3432 1304 3484 cxxii.
1316 3444 1340 3486 s.
1353 3434 1393 3494 3);

362 3539 367 3548 .
410 3499 428 3520 '⁶
439 3496 530 3548 tanda
543 3495 735 3559 Hierosoiyme
750 3494 968 3560 Jeboram.=nam
987 3497 1075 3548 firmet
1091 3494 1183 3546 redies
1202 3497 1343 3548 Portarum
1360 3507 1472 3555 tuscum.

407 3568 412 3574 '
489 3562 621 3611 benedicit
632 3561 694 3610 filiis
705 3561 759 3610 tuis
771 3561 798 3610 in
811 3562 900 3611 medio
912 3562 950 3611 tui
958 3561 972 3581 '¹
983 3560 1094 3624 (Psalm.
1106 3561 1195 3612 cxlvii.
1207 3575 1246 3621 tu,
1259 3562 1316 3624 13i;

410 3627 475 3676 “Ut
489 3638 646 3676 enumerem
656 3639 752 3677 omnes
768 3626 862 3678 leudes
878 3635 939 3678 tuas
956 3627 984 3676 in
1003 3627 1092 3680 Poetis
1109 3627 1179 3678 filiae
1190 3627 1303 3678 Zionis”
1314 3627 1425 3692 tm:
1440 3629 1472 3678 ix.

410 3688 736 3886 “·Αρεέιὲἑῖῥὲιιὲ,1ἰὲ)ῑ
755 3757 920 3821 ingredietur
942 3756 1017 3808 Gens
1040 3757 1113 3820 juste
1134 3758 1288 3812 cusmdiesn
1304 3757 1474 3816 fidelitate?

411 3889 428 3912 “
437 3887 563 3940 Extollite
575 3901 669 3939 vocem
681 3898 710 3938 ut
721 3888 831 3940 veniant
844 3887 942 3942 Portae
954 3889 1103 3952 principum
1111 3886 1125 3907 '¹
1135 3888 1219 3953 (Eros.
1231 3889 1286 3942 xiii.
1298 3889 1340 3952 o).;

409 3951 511 4002 “Beati
524 3953 571 4036 qui
585 3951 685 4002 iaciunt
702 3954 829 4045 mandata
846 3953 943 4016 Ipsius,
957 3963 985 4003 et
1002 3967 1049 4016 per
1067 3953 1162 4003 Portas
1180 3955 1366 4018 ingrediuntur
1382 3956 1410 4006 in
1425 3953 1474 4006 Ur·

410 4085 427 4108 ‘¹
435 4020 549 4133 Attb'ietig
559 4017 860 4146 pgngeocffiarvagskm'
872 4093 901 4134 ut
911 4083 1074 4146 ingrediatur
1084 4083 1142 4134 Rex
1151 4083 1252 4147 gloriae
1259 4085 1274 4104 '⁸
1283 4084 1394 4147 (Proin.
1403 4087 1471 4136 xxiv.

410 4148 609 4268 “mag'ibinn
625 4213 757 4276 lugentes.
771 4227 867 4264 omnes
886 4213 983 4266 Portae
997 4213 1055 4278 ejus
1067 4214 1222 4268 devastasse
1238 4225 1311 4274 eunt,
1324 4217 1473 4268 sacerdotes

489 4279 548 4341 ejus
560 4288 670 4340 gemunt
678 4278 692 4298 ”
703 4277 813 4339 (Thoen.
824 4281 841 4330 i.
852 4281 894 4340 4);
1426 4297 1430 4311 ·

410 4344 517 4422 “Lusit
538 4343 669 4461 aebutium
688 4354 716 4396 et
737 4355 830 4407 portse
851 4345 911 4408 eitu
934 4345 1139 4408 inuuuoentes
1158 4342 1245 4398 incise
1262 4345 1348 4398 sunt'‘
1365 4345 1471 4413 (Jnm

407 4477 427 4513 θ’
435 4425 571 4538 cneigen
581 4418 703 4538 isborsb
714 4475 825 4538 perdere
838 4475 946 4529 Murum
956 4475 1026 4528 tiliae
1038 4475 1137 4536 lindis,
1148 4476 1327 4529 subsederunt
1338 4477 1366 4532 in
1374 4486 1472 4532 tsmm

490 4539 586 4588 Portae
597 4539 656 4602 ejus
664 4539 678 4558 ''
690 4539 799 4601 (Thoen.
811 4541 837 4590 ii.
851 4541 873 4598 8,
885 4539 927 4604 pi:

409 4605 427 4628 ‘¹
435 4605 486 4668 Qui
499 4617 609 4666 peccare
620 4604 721 4654 iaciunt
737 4605 874 4655 bominem
887 4607 914 4656 in
927 4607 1026 4666 Verbo,
1040 4616 1067 4657 et
1079 4607 1266 4671 corripientem
1285 4608 1312 4658 in
1326 4607 1408 4658 Portu
1418 4607 1472 4658 iiis·

488 4679 587 4732 queant
595 4670 609 4688 ”
621 4669 705 4736 (Esoj.
717 4671 788 4722 xxix.
801 4671 859 4734 21);
1157 4700 1160 4708 ·
