3384 5400
383 655 446 736 858
709 662 955 726 nrocmvrsrs
977 660 1187 712 neverim.

381 847 417 902 et
440 837 482 900 ad
507 837 722 901 condendum
746 835 881 899 Novum
904 831 1056 907 Caelum,
1076 841 1112 895 et
1135 830 1269 894 Novam
1293 827 1508 905 Ecclesiam

381 933 472 1015 quod
493 934 590 996 “cito
598 931 616 972 ‘¹‘
632 933 677 994 sit
695 941 801 1004 certo,
819 930 975 993 videatur
992 949 1024 992 n.
1042 945 1074 1007 4,
1092 943 1165 1007 943,
1185 943 1257 1007 944,
1275 939 1358 1005 947:
1389 928 1509 986 “mer-

382 1047 439 1090 ces
455 1027 534 1090 Mea
550 1045 627 1089 cum
643 1025 700 1088 Me
709 1026 723 1049 ''
738 1023 907 1106 significat
923 1022 1014 1106 quod
1032 1023 1104 1104 ipse
1123 1021 1288 1085 Dominus
1303 1020 1348 1082 sit
1364 1017 1509 1082 Caelum

381 1131 416 1185 et
444 1121 604 1184 Felicitas
629 1121 722 1183 vitae
749 1131 930 1196 aeternae;
966 1118 1059 1201 quod
1086 1114 1267 1180 “merces'’
1292 1115 1336 1177 sit
1364 1111 1508 1176 Caelum

381 1225 416 1279 et
439 1215 582 1279 felicitas
605 1225 754 1288 aeterna,
778 1213 933 1276 videatur
955 1233 987 1276 n.
1013 1211 1093 1292 5265
1122 1209 1213 1292 quod
1237 1209 1315 1290 lpse
1337 1207 1509 1272 Dominus

381 1313 435 1386 sit,
461 1310 629 1374 videbitur
653 1309 757 1372 infra:
796 1309 972 1372 “reddens
999 1307 1174 1388 unicuique
1204 1305 1389 1368 secundum
1421 1324 1508 1386 opus

381 1404 475 1486 ejus”
505 1405 673 1488 significat
710 1405 895 1468 secundum
933 1399 1204 1483 conjundiionem
1241 1419 1318 1464 cum
1355 1400 1509 1463 Domino

381 1519 441 1582 per
462 1499 563 1563 fidem
587 1503 620 1564 in
643 1501 758 1582 Ipsum
777 1508 814 1562 et
837 1499 1021 1580 pervitam
1040 1496 1226 1560 secundum
1245 1505 1431 1578 praecepta
1450 1495 1508 1577 lp

381 1595 472 1672 sius;
501 1595 592 1678 quod
622 1597 706 1659 haec
732 1593 976 1675 significentur,
1004 1602 1058 1655 est
1087 1592 1166 1674 quia
1191 1611 1251 1673 per
1281 1590 1372 1653 bona
1401 1609 1508 1671 opera

381 1689 614 1770 significantur
632 1690 781 1753 charitas
798 1698 835 1752 et
858 1687 942 1750 hdes
964 1687 998 1750 in
1020 1688 1172 1761 internis,
1191 1696 1228 1749 et
1250 1685 1348 1748 simul
1371 1684 1507 1748 illarum

381 1781 520 1848 effectus
533 1785 565 1848 in
579 1785 752 1860 externis;
775 1793 810 1846 et
826 1784 904 1866 quia
917 1782 1064 1847 charitas
1077 1792 1112 1844 et
1128 1781 1212 1844 fides
1227 1791 1306 1844 sunt
1322 1802 1342 1842 a
1355 1780 1508 1844 Domino

382 1889 417 1942 et
450 1879 637 1944 secundum
667 1875 941 1960 conjunctionem
971 1896 1047 1940 cum
1080 1876 1170 1957 Ipso,
1198 1886 1294 1958 patet
1323 1876 1416 1958 quod
1447 1875 1509 1939 illa

382 1973 634 2056 significentur;
667 1975 715 2036 ita
741 1993 875 2056 quoque
899 1973 983 2036 haec
1010 1990 1087 2034 cum
1110 1971 1274 2053 prioribus
1297 1971 1506 2035 cohaerent:

382 2070 473 2152 quod
491 2070 581 2132 bona
599 2089 702 2151 opera
721 2070 789 2132 sint
808 2069 956 2130 charitas
975 2077 1011 2130 et
1029 2065 1113 2129 fides
1131 2067 1163 2128 in
1182 2065 1333 2139 internis,
1349 2076 1386 2129 et
1404 2066 1506 2130 simul

382 2161 521 2227 effelstus
548 2163 680 2226 illarum
709 2164 744 2226 in
771 2162 934 2235 externis,
962 2161 1117 2224 videatur
1140 2179 1240 2240 supra
1266 2157 1313 2242 (n.
1335 2159 1409 2238 641,
1429 2161 1505 2234 868,

382 2257 470 2341 871).
516 2257 616 2341 Quod
641 2260 788 2323 charitas
811 2269 847 2322 et
874 2257 958 2320 fides
981 2277 1048 2320 non
1073 2257 1140 2319 sint
1162 2256 1207 2318 ab
1228 2254 1376 2330 homine,
1399 2257 1463 2319 sed
1485 2277 1508 2318 a

381 2353 540 2428 Domino,
566 2365 685 2418 notum
712 2364 787 2430 est;
819 2363 856 2416 et
882 2353 960 2434 quia
985 2372 1006 2415 a
1031 2351 1191 2425 Domino,
1213 2359 1291 2413 sunt
1317 2351 1505 2414 secundum

381 2446 654 2528 conjunctionem
678 2467 755 2512 cum
779 2448 870 2530 Ipso,
895 2457 930 2510 et
955 2441 1149 2527 conjunctio
1172 2464 1248 2508 cum
1273 2445 1354 2526 lpso
1379 2445 1417 2509 fit
1443 2467 1506 2529 per

381 2539 483 2606 fidem
506 2543 540 2607 in
564 2543 678 2626 lpsum
701 2554 737 2607 et
760 2562 819 2624 per
837 2545 942 2606 vitam
966 2541 1151 2604 secundum
1174 2550 1355 2621 praecepta
1374 2540 1504 2622 Ipsius,

381 2636 566 2720 perfidem
594 2639 627 2701 in
655 2637 770 2721 Ipsum
796 2636 998 2719 intelligitur
1020 2634 1141 2698 fiducia
1164 2635 1255 2719 quod
1281 2635 1358 2717 lpse
1379 2635 1503 2713 salvet,

381 2743 418 2796 et
444 2732 527 2797 haec
551 2732 671 2797 fiducia
694 2742 747 2796 est
774 2733 917 2816 illisqui
944 2732 1057 2813 lpsum
1084 2732 1279 2794 immediate
1305 2731 1443 2806 adeunt,
1468 2744 1505 2797 et

380 2826 513 2907 lugiunt
525 2826 614 2892 mala
627 2838 663 2891 ut
679 2838 840 2909 peccata;
859 2827 948 2909 apud
963 2826 1049 2890 alios
1060 2845 1129 2889 non
1140 2826 1260 2889 dabilis
1272 2836 1335 2889 est.
1366 2820 1503 2892 Dictum

381 2923 544 3003 estquod
569 2926 729 2985 “merces
753 2920 831 2985 Mea
855 2942 932 2985 cum
954 2920 1034 2984 Me’'
1053 2919 1220 3002 significet
1243 2921 1334 3003 quod
1359 2921 1436 3004 Ipse
1458 2925 1504 2987 sit

382 3014 521 3081 Caelum
540 3027 575 3080 et
594 3016 737 3080 felicitas
752 3018 843 3081 vitae
859 3027 1029 3089 aeternae,
1048 3015 1228 3079 “merces'’
1243 3017 1333 3079 enim
1349 3028 1402 3080 est
1422 3018 1503 3081 bea-

383 3111 495 3174 titudo
528 3112 722 3185 intrinseca,
756 3132 842 3193 quae
875 3120 1019 3174 vocatur
1051 3131 1132 3192 pax,
1162 3121 1197 3175 et
1230 3110 1310 3175 inde
1341 3113 1503 3193 gaudium

381 3215 584 3284 externum;
608 3206 692 3269 haec
712 3206 808 3269 unice
827 3216 907 3269 sunt
929 3226 950 3268 a
974 3204 1133 3279 Domino,
1152 3214 1188 3269 et
1210 3225 1296 3288 quae
1314 3228 1335 3268 a
1354 3206 1504 3272 Domino

382 3310 463 3363 sunt
485 3320 553 3363 non
576 3300 681 3363 modo
703 3310 782 3363 sunt
805 3300 850 3362 ab
876 3300 967 3382 Ipso,
991 3299 1179 3363 sedetiam
1203 3310 1283 3363 sunt
1310 3300 1399 3381 lpse,
1423 3322 1503 3365 nam

382 3394 549 3457 Dominus
571 3414 640 3457 non
660 3404 774 3476 potest
797 3392 923 3477 aliquid
946 3415 966 3457 a
988 3392 1033 3457 Se
1056 3394 1223 3468 emittere,
1248 3395 1309 3457 nisi
1337 3394 1414 3477 Ipse
1437 3398 1502 3460 sit:

381 3498 435 3552 est
448 3488 537 3553 enim
550 3486 813 3570 Omnipraesens
826 3490 914 3571 apud
923 3489 1186 3571 unumquemvis
1196 3489 1368 3553 hominem
1381 3511 1502 3555 secun-

382 3584 461 3647 dum
474 3580 746 3665 conjunctionem
758 3605 767 3662 ;
786 3594 821 3647 et
834 3580 1027 3665 conjunctio
1041 3582 1123 3666 [est]
1137 3584 1320 3647 secundum
1332 3588 1502 3667 receptio·

382 3699 471 3751 nem,
491 3689 526 3742 et
549 3680 700 3761 receptio
719 3680 904 3743 secundum
923 3699 1073 3743 amorem
1096 3690 1131 3743 et
1150 3680 1373 3761 sapientiam
1396 3692 1456 3745 aut
1475 3683 1502 3745 si

380 3774 493 3837 velitis
513 3774 696 3837 secundum
717 3774 919 3837 charitatem
938 3784 973 3838 et
996 3772 1109 3849 fidem,
1129 3784 1164 3837 et
1187 3775 1337 3837 charitas
1359 3784 1396 3838 et
1419 3774 1503 3839 fides

381 3868 567 3931 secundum
591 3869 707 3941 vitam,
728 3879 764 3932 et
786 3869 859 3931 vita
881 3868 1067 3932 seeundum
1090 3869 1340 3932 aversationem
1363 3869 1444 3933 mali
1466 3881 1502 3934 et

380 3961 465 4035 falsi,
483 3982 522 4026 ac
541 3963 710 4025 aversatio
726 3963 805 4025 mali
824 3973 860 4027 et
878 3962 952 4027 falsi
968 3963 1154 4026 secundum
1170 3964 1403 4045 cognitionem
1421 3966 1502 4047 quid

382 4056 508 4121 malum
526 4066 563 4121 et
580 4056 712 4130 salsum,
730 4067 764 4121 et
785 4066 866 4121 tunc
885 4058 1070 4121 secundum
1085 4058 1330 4140 paenitentiam
1348 4069 1384 4122 et
1403 4059 1501 4122 simul

381 4151 595 4215 intuitionem
611 4151 654 4215 ad
673 4151 865 4215 Dominum.
911 4151 1013 4233 Quod
1026 4158 1047 4186 ‘⁸
1056 4172 1186 4216 merces
1194 4152 1210 4179 ”
1222 4172 1291 4216 non
1303 4153 1407 4217 modo
1422 4155 1466 4217 sit
1481 4176 1501 4216 a

382 4244 541 4321 Domino,
561 4246 621 4309 sed
641 4247 744 4309 etiam
764 4246 841 4327 Ipse
862 4247 1038 4320 Dominus,
1057 4256 1155 4329 patet
1174 4267 1195 4309 a
1217 4245 1300 4310 locis
1318 4249 1352 4309 in
1372 4246 1499 4320 Verbo,

381 4340 437 4404 ubi
461 4342 583 4404 dicitur
605 4342 696 4424 quod
723 4344 778 4425 qui
805 4339 976 4423 conjuncti
1002 4352 1081 4405 sunt
1109 4340 1178 4424 Ipsi
1203 4342 1272 4406 sint
1297 4344 1331 4405 in
1359 4342 1440 4425 Ipso
1465 4351 1499 4406 et

382 4434 459 4517 Ipse
477 4436 510 4499 in
529 4434 594 4498 illis

429 4568 478 4632 (Ut
490 4579 613 4621 constare
626 4581 714 4634 potest
726 4572 797 4634 apud
812 4572 960 4637 Johannenr
972 4573 1026 4623 xlv.
1039 4584 1136 4633 2044:
1155 4586 1213 4636 cap.
1224 4586 1269 4623 xv.
1279 4585 1304 4633 4,
1317 4583 1340 4634 ς,
1351 4586 1422 4638 seq.;
1441 4587 1494 4635 cap

511 4636 574 4687 xvii.
589 4650 626 4700 ro,
642 4650 681 4696 21,
693 4650 733 4697 22,
743 4638 789 4699 πός
807 4648 834 4687 et
845 4638 927 4701 alibi),
