3384 5400
315 717 377 786 540
635 713 881 766 APOCALYPSIS
904 707 1113 763 REVELATA.

312 883 561 967 Hierosolymae
581 885 621 948 de
641 883 782 948 Domino
803 904 823 946 a
846 884 1008 966 principio
1030 882 1074 946 ad
1099 881 1210 946 finem.
1255 880 1339 964 Quis
1361 902 1429 947 non

311 981 502 1062 intelligere
520 989 635 1063 potest
657 979 747 1062 quod
771 999 854 1042 unus
878 978 971 1041 Deus
994 977 1135 1041 Creator
1154 976 1298 1040 universi
1319 979 1374 1053 sit,
1393 988 1429 1041 et

312 1095 379 1138 non
404 1085 472 1138 tres
495 1074 694 1150 Creatores;
732 1083 804 1137 tum
828 1072 918 1155 quod
944 1071 1080 1136 Creatio
1106 1091 1167 1153 pro
1188 1070 1254 1134 fine
1276 1071 1429 1135 habuerit

311 1167 451 1234 Caelum
470 1179 505 1231 et
529 1167 720 1231 Ecclesiam
739 1188 784 1231 ex
807 1167 956 1230 humano
978 1184 1112 1248 genere,
1132 1165 1176 1228 de
1193 1187 1259 1246 qua
1281 1187 1317 1229 re
1335 1167 1429 1230 vide·

309 1273 386 1327 atur
405 1263 579 1344 Sapientia
596 1263 757 1344 Angelica
775 1262 815 1325 de
834 1261 963 1324 Divina
982 1258 1202 1323 Providentia
1222 1258 1268 1341 (n.
1288 1261 1429 1343 27-45);

310 1358 389 1421 inde
406 1367 470 1432 est,
487 1359 576 1440 quod
593 1377 651 1440 per
669 1358 806 1422 “facere
823 1355 962 1420 Caelum
978 1364 1014 1418 et
1030 1354 1169 1418 Terram
1185 1355 1218 1416 in
1234 1353 1343 1418 Sensu
1361 1357 1429 1437 spi·

310 1452 421 1516 rituali
444 1451 649 1535 significetur
667 1452 776 1514 lacere
795 1450 934 1515 Caelum
958 1448 1148 1530 angelicum
1171 1459 1205 1511 et
1229 1448 1429 1514 Ecclesiam.

310 1545 412 1628 Quod
436 1548 518 1610 haec
537 1544 627 1610 dieta
649 1548 728 1619 sint,
748 1556 800 1609 est
824 1554 962 1627 propter
979 1543 1123 1606 eandem
1146 1563 1281 1612 causam
1302 1545 1346 1608 de
1364 1566 1431 1627 qua

310 1663 409 1724 supra
438 1641 484 1722 (n.
507 1641 597 1724 613),
621 1641 676 1705 ubi
703 1639 893 1721 explicatur
918 1638 997 1720 quid
1024 1637 1231 1720 significatur
1255 1659 1315 1721 per
1338 1642 1429 1749 quod

312 1737 506 1800 “haberent
522 1735 655 1799 Nomen
672 1735 779 1798 Patris
795 1735 956 1814 scripturn
969 1752 1068 1814 super
1080 1732 1281 1811 frontibus?
1303 1744 1340 1798 et
1352 1737 1430 1817 quia

310 1829 392 1894 illud
408 1828 533 1894 dilium
553 1840 616 1904 est,
633 1830 710 1892 ideo
727 1828 780 1892 hic
797 1828 954 1900 dicitur,‘
958 1828 1116 1890 ‘adorate
1135 1826 1249 1909 Ipsum
1265 1827 1332 1910 Qui
1349 1829 1428 1893 lecit

310 1924 459 2000 Caelum,
480 1924 630 1998 Terram,
651 1923 746 1986 Mare
764 1933 800 1986 et
819 1923 950 1985 Fontes
968 1920 1156 2004 aquarumss’

370 2027 468 2108 631,
493 2037 578 2102 [Vm.
591 2035 630 2101 8.]
656 2023 1162 2107 ‘fratrumquerecuruum,
1173 2024 1290 2098 diam,
1301 2023 1428 2099 Caorliir,

311 2116 422 2180 oceidit
435 2115 578 2197 Babylon,
590 2115 664 2178 uite
677 2115 730 2178 illu
743 2115 880 2196 braybuf
884 2111 1072 2195 'significat
1083 2113 1175 2195 quod
1182 2134 1266 2177 nunc
1274 2114 1428 2197 Religio·

310 2229 383 2271 sum
404 2207 433 2272 C
432 2206 571 2271 athalico
591 2207 777 2270 Romanum
794 2207 907 2289 quoad
925 2226 988 2268 sua
1005 2205 1163 2286 dogmata
1180 2215 1212 2268 et
1228 2206 1428 2271 doliniralrii

309 2303 497 2383 dispersum
527 2302 689 2365 sit—Per
715 2301 845 2364 “alium
877 2298 1074 2381 Angelum”
1104 2299 1310 2380 significatur
1340 2322 1427 2366 nunc

311 2416 435 2460 novum
454 2417 475 2459 a
498 2395 654 2470 Domino,
675 2406 712 2459 ut
731 2415 830 2477 supra
850 2393 897 2476 (n.
916 2394 1015 2474 626);
1038 2414 1098 2476 per
1114 2393 1352 2475 “Babylonem
1373 2419 1427 2460 ur-

309 2492 386 2554 bem
399 2490 588 2572 magnam,”
600 2489 806 2572 significatur
819 2489 1028 2569 Religiosum
1041 2486 1219 2551 Catholico
1236 2488 1426 2556 Romanum

311 2585 421 2667 quoad
438 2584 507 2665 ejus
523 2585 686 2664 dogmata
701 2594 736 2647 et
753 2581 972 2659 dodtrinalia3
997 2602 1056 2664 per
1073 2582 1244 2646 “cadere’‘
1259 2585 1426 2666 significa-

309 2689 364 2743 tur
387 2679 543 2761 dispergi,
563 2697 641 2741 nam
666 2676 841 2742 “cadere''
860 2678 981 2741 dicitur
998 2677 1040 2741 de
1063 2677 1154 2751 urbe,
1174 2687 1209 2741 at
1230 2679 1428 2763 “dispergi’'

309 2775 352 2837 de
371 2774 529 2855 religioso
548 2784 582 2835 et
599 2772 668 2854 ejus
684 2769 837 2836 doctrina
853 2792 939 2853 quae
954 2792 1013 2855 per
1031 2771 1271 2852 “Babylonem
1288 2775 1403 2838 urbem
1412 2776 1427 2801 ’⁹

310 2867 526 2950 significatur.
572 2866 672 2948 Quod
695 2888 754 2949 per
779 2866 946 2930 “urbem''
968 2866 1173 2948 significetur
1195 2864 1357 2944 doctrina,
1376 2872 1426 2932 vi-

309 2964 428 3027 deatur
450 2981 549 3043 supra
577 2960 623 3042 (n.
652 2960 735 3041 194).
781 2959 882 3042 Quod
909 2962 951 3024 de
975 2960 1202 3041 “Babylone”
1228 2961 1311 3027 haec
1337 2984 1426 3028 nunc

310 3057 473 3129 dicantur,
498 3065 550 3119 est
573 3056 650 3138 quia
673 3065 854 3138 postquam
879 3054 1013 3119 Novum
1036 3053 1176 3118 Caelum
1200 3055 1426 3123 Christianum

309 3170 330 3214 a
353 3149 499 3213 Domino
522 3147 645 3212 latium
669 3159 732 3223 est,
756 3149 853 3212 simul
882 3168 1006 3212 novum
1032 3146 1156 3212 fastum
1180 3160 1232 3214 est
1258 3170 1335 3215 cum
1361 3154 1426 3216 illis

309 3245 364 3326 qui
379 3266 398 3307 e
414 3243 589 3325 Religioso
606 3244 763 3307 Romano
779 3243 958 3307 Catholico
973 3243 1115 3307 suerunt.
1160 3244 1269 3308 Causa
1285 3256 1337 3310 est
1350 3249 1426 3330 quia

309 3337 448 3403 Caelum
471 3337 707 3412 Christianum,
731 3337 821 3421 quod
849 3358 893 3400 ex
921 3337 1125 3400 Reformatis
1153 3337 1333 3402 colbdtum
1360 3352 1424 3416 est,

309 3432 531 3496 meditullium
558 3432 648 3505 lacit,
672 3452 711 3495 ac
738 3429 903 3495 Pontificii
930 3432 1053 3494 circum
1079 3432 1161 3495 illud
1188 3442 1285 3509 sunt;
1323 3455 1425 3517 quare

307 3546 383 3589 cum
407 3526 629 3589 meditullium
652 3535 705 3589 est
729 3546 864 3601 novum,
884 3524 982 3588 simul
1008 3533 1088 3589 tunc
1111 3527 1144 3588 in
1168 3528 1361 3609 peripheriis
1386 3529 1424 3593 fit

308 3640 451 3696 novum;
488 3619 609 3682 Divina
636 3622 724 3683 enim
752 3618 840 3693 Lux,
866 3630 1031 3701 quaeest
1059 3620 1216 3683 Divinum
1241 3621 1379 3698 Verum,
1397 3646 1425 3689 ·e

308 3716 419 3779 medio
438 3724 474 3777 ut
494 3735 511 3778 e
530 3723 649 3777 centro
671 3734 708 3776 se
727 3714 941 3777 circumcirca
963 3716 997 3777 in
1020 3714 1222 3796 peripherias
1245 3730 1423 3800 propagat,

307 3830 346 3873 ac
359 3809 415 3871 illa
428 3830 513 3891 quae
529 3809 572 3872 ibi
589 3818 677 3881 sunt,
691 3809 793 3871 etiam
810 3809 842 3870 in
856 3809 1008 3871 ordinem
1020 3809 1142 3889 redigit
1156 3831 1163 3884 ;
1187 3820 1324 3893 propter
1336 3812 1423 3877 hanc

306 3923 442 3966 causam
454 3902 538 3966 haec
551 3922 657 3984 pauca
670 3922 756 3965 nunc
770 3902 812 3965 de
826 3901 1001 3983 Babylone
1015 3915 1253 3977 memorantur,
1266 3907 1299 3968 in
1311 3909 1424 3989 specie

307 4008 420 4061 autem
436 3997 479 4060 de
497 3996 555 4059 illa
569 3997 682 4077 agitur
697 3996 730 4057 in
750 4016 821 4078 cap.
838 3996 917 4059 xvii.
933 4006 969 4059 et
987 3998 1078 4060 xviii.
1124 3996 1224 4079 Quod
1243 3998 1423 4064 Christiani

307 4092 494 4155 Reformati
514 4090 724 4153 constituant
747 4090 982 4165 meditullium,
1001 4112 1040 4153 ac
1059 4092 1149 4173 quod
1173 4092 1337 4157 Pontificii
1359 4096 1422 4159 cir·

306 4204 382 4249 cum
406 4184 487 4247 illud
510 4184 633 4247 iaciant
656 4203 814 4265 magnam
838 4184 1070 4265 peripheriam,
1090 4196 1125 4249 et
1145 4187 1234 4268 quod
1258 4186 1335 4250 Lux
1355 4190 1421 4271 spi-

305 4276 443 4352 ritualis,
462 4298 548 4361 quae
567 4288 618 4341 est
642 4277 798 4341 Divinum
819 4278 947 4341 Verum
966 4281 1152 4361 procedens
1170 4302 1189 4342 a
1209 4280 1366 4357 Domino,
1386 4304 1423 4347 se

305 4382 341 4433 ut
355 4391 375 4434 a
391 4392 451 4435 suo
463 4382 583 4435 centro
598 4382 764 4453 propaget
777 4374 901 4435 circum
916 4374 950 4435 in
966 4392 1084 4437 omnes
1100 4375 1302 4455 peripherias
1318 4397 1421 4459 usque

305 4466 347 4528 ad
371 4464 534 4539 ultimam,
557 4466 711 4527 videatur
733 4467 766 4528 in
788 4465 950 4530 Doi‘irina
972 4466 1088 4530 Novae
1110 4466 1359 4548 Hierosolyma
1383 4471 1424 4534 de

306 4558 484 4640 Scriptura
506 4558 612 4622 Sacra
637 4557 683 4640 (n.
711 4559 890 4641 104-113);
927 4571 962 4624 et
989 4560 1023 4624 in
1045 4562 1207 4644 opusculo
1229 4563 1272 4628 de
1299 4563 1421 4627 Ultimo

303 4654 439 4728 Judicio
455 4653 501 4737 (n.
517 4654 585 4736 48).
630 4653 686 4716 Ex
705 4653 756 4717 his
771 4655 876 4719 videri
894 4666 1021 4738 potest,
1037 4657 1126 4740 quod
1145 4657 1229 4723 haec
1245 4658 1288 4722 de
1307 4659 1420 4734 Baby·
