3384 5400
717 654 973 709 APOCALYPSIS.

611 1309 891 1407 CAPUT
948 1312 1076 1408 XV.

412 1722 446 1796 T
471 1721 544 1796 vidi
564 1721 660 1796 aliud
680 1724 825 1821 signum
846 1723 882 1796 in
901 1722 1024 1806 Caelo,
1043 1749 1217 1822 magnum
1236 1739 1275 1798 et
1294 1724 1400 1798 mira-

286 1719 409 1998 Ε
437 1835 527 1922 bile;
558 1835 724 1935 Angelos
746 1853 891 1934 septem
913 1837 1094 1912 habentes
1112 1837 1236 1937 plagas
1257 1856 1401 1936 septem

438 1948 589 2033 ultimas,
606 1951 692 2048 quia
708 1952 744 2024 in
762 1951 826 2023 illis
843 1968 1093 2026 consummata
1108 1969 1165 2026 est
1181 1954 1233 2026 ira
1250 1953 1333 2027 Dei.

334 2091 366 2140 2.
402 2065 450 2138 Et
472 2065 543 2139 vidi
567 2081 739 2163 tanquam
764 2065 870 2139 Mare
893 2067 1047 2140 vitreum
1071 2067 1222 2139 mixtum
1246 2068 1341 2165 igne,
1362 2083 1401 2141 et

282 2179 469 2256 victoriam
489 2179 665 2253 habentes
681 2180 729 2253 de
749 2179 878 2262 Bestia,
896 2196 934 2253 'et
951 2181 997 2253 de
1015 2181 1172 2278 imagine
1190 2181 1279 2278 ejus,
1297 2198 1335 2255 et
1351 2182 1400 2255 de

282 2292 487 2368 charactere
501 2296 588 2392 ejus,
603 2311 640 2368 et
648 2279 699 2368 ¹de
713 2320 866 2369 numero
881 2295 1035 2367 nominis
1047 2295 1136 2392 ejus,
1149 2311 1287 2368 stantes
1293 2296 1399 2393 juxta

283 2407 387 2482 Mare
405 2409 569 2492 vitreum,
587 2407 763 2482 habentes
779 2409 931 2482 citharas
949 2409 1041 2491 Dei3

333 2547 365 2616 3.
401 2523 449 2596 Et
465 2523 642 2596 canebant
658 2523 845 2596 Canticum
869 2523 985 2596 Mosis
1003 2523 1097 2596 servi
1118 2523 1202 2605 Dei,
1220 2539 1258 2598 et
1274 2524 1380 2598 Canti

281 2663 363 2712 cum
393 2638 503 2736 Agni,
531 2637 702 2719 dicentes,
732 2636 871 2735 Magna
900 2653 939 2711 et
968 2636 1140 2711 mirabilia
1169 2663 1282 2735 opera
1308 2638 1399 2722 Tua,

283 2752 444 2825 Domine
467 2752 571 2825 Deus
593 2752 848 2847 Omnipotens,
861 2753 981 2850 justae
1002 2768 1039 2825 et
1059 2777 1167 2825 verae
1188 2753 1268 2825 viae
1285 2752 1399 2836 Tuae,

283 2866 366 2940 Rex
384 2865 601 2939 sanctorum.

331 3005 365 3073 4.
400 2982 492 3075 Quis
503 3006 577 3054 non
587 2981 713 3053 timeat
723 2980 790 3063 Te,
808 2981 983 3065 Domine,
1000 2996 1039 3055 et
1060 2978 1236 3078 glorificet
1250 2980 1399 3054 Nomen

280 3094 423 3169 Tuum?
441 3094 528 3193 quia
537 3092 646 3169 Solus
657 3091 829 3181 Sancium
845 3120 957 3193 quare
971 3120 1099 3168 omnes
1111 3111 1242 3192 gentes
1252 3095 1400 3169 venient

282 3226 320 3283 et
329 3210 530 3283 adorabunt
540 3234 660 3283 coram
669 3210 736 3293 Te,
748 3210 833 3308 quia
837 3210 971 3308 judicia
980 3210 1062 3283 Tua
1073 3208 1297 3284 manifestata
1306 3225 1399 3283 sunt.
1526 3248 1534 3266 =

334 3328 365 3398 5.
401 3325 449 3397 Et
468 3340 551 3421 post
571 3324 661 3397 haec
681 3323 764 3405 vidi,
783 3340 820 3397 et
840 3349 924 3397 ecce
944 3338 1108 3421 apertum
1129 3341 1185 3397 est
1204 3322 1399 3421 Templum

280 3437 516 3513 Tabemaculi
532 3437 747 3511 Testimonii
765 3438 801 3511 in
818 3436 942 3511 Caelo.

331 3559 365 3628 6.
400 3554 449 3626 Et
482 3554 671 3627 exiverunt
704 3569 846 3649 septem
878 3551 1012 3651 Angeli
1046 3553 1223 3626 habentes
1255 3569 1398 3649 septem

281 3668 404 3767 plagas
421 3667 622 3763 eTemplo,
637 3668 749 3741 induti
767 3668 840 3741 lino
859 3668 996 3741 mundo
1014 3685 1051 3741 et
1066 3666 1268 3763 splendido,
1282 3684 1320 3742 et
1332 3670 1396 3743 cir-

280 3780 484 3859 cumamitti
501 3785 592 3857 circa
607 3780 757 3880 pectora
773 3783 871 3856 zonis
887 3784 1014 3857 aureis.

333 3916 365 3989 7.
401 3898 449 3971 Et
478 3923 590 3970 unum
618 3898 665 3971 de
693 3913 848 3993 quatuor
875 3896 1101 3970 Animalibus
1128 3897 1229 3969 dedit
1254 3912 1397 3992 septem

282 4012 435 4112 Angelis
454 4029 596 4109 septem
617 4010 752 4108 phialas
772 4037 911 4095 aureas,
932 4010 1057 4108 plenas
1080 4012 1132 4085 ira
1153 4012 1225 4086 Dei
1245 4010 1399 4084 viventis

282 4129 316 4201 in
335 4127 477 4201 saecula
492 4126 727 4201 saeculorum.

332 4246 365 4317 8.
400 4243 450 4316 Et
468 4242 655 4341 impletum
672 4258 728 4316 est
743 4240 938 4339 Templum
957 4242 1056 4316 sumo
1073 4269 1121 4316 ex
1139 4240 1254 4340 gloria
1272 4242 1344 4315 Dei
1361 4258 1399 4317 et

282 4381 328 4430 ex
349 4358 479 4431 virtute
502 4356 627 4453 Ipsius,
648 4372 686 4430 et
708 4381 817 4431 nemo
837 4356 954 4452 potuit
974 4355 1114 4454 ingredi
1135 4357 1171 4429 in
1191 4354 1398 4452 Templum,

281 4471 398 4545 donec
425 4486 759 4545 consummarentur
785 4488 926 4569 septem
954 4469 1082 4569 plagae
1105 4486 1247 4568 septem
1271 4470 1398 4568 Ange-

281 4584 406 4659 lorum.
