3384 5400
531 637 610 689 cnr.
627 637 852 702 xx11.,vnns.
873 639 999 706 14-rr.
1014 641 1086 708 951.
1255 686 1257 690 .
1307 629 1372 712 859

252 807 420 891 (videatur
438 828 547 891 supra,
567 829 598 872 n.
618 808 717 892 883);
741 818 776 873 et
795 829 929 892 quoque
948 810 1003 873 ubi
1020 811 1143 876 dicitur
1157 811 1248 894 quod
1266 810 1370 894 Spiri-

249 915 303 968 tus
327 902 470 968 Sanilus
493 905 535 968 sit
563 905 595 966 in
621 903 696 979 illis,
721 915 756 968 et
780 903 923 986 Spiritus
946 902 1090 968 Sanctus
1112 915 1166 970 est
1192 907 1370 976 Dominus.

250 1009 302 1063 est
325 1000 413 1063 enim
434 999 556 1061 Divina
576 998 683 1080 Ipsius
704 999 916 1074 Praesentia;
948 1010 984 1064 et
1006 1019 1138 1083 quoque
1161 1020 1237 1064 cum
1256 1013 1371 1066 oratur

250 1104 287 1156 ut
310 1093 402 1156 Deus
424 1094 556 1158 habitet
579 1094 612 1156 in
636 1092 711 1167 illis,
736 1093 859 1156 doceat
882 1092 969 1168 illos,
989 1095 1091 1157 ducat
1114 1094 1200 1170 illos,
1221 1095 1370 1178 linguam

250 1188 291 1251 ad
311 1187 583 1271 praedicandum,
601 1195 636 1250 et
652 1207 774 1270 corpus
790 1187 832 1250 ad
852 1187 1041 1251 iaciendum
1057 1189 1148 1270 quod
1164 1190 1291 1253 bonum
1306 1201 1371 1264 est,

250 1292 382 1364 praeter
400 1282 519 1347 similia
537 1282 621 1346 alia:
646 1291 699 1346 est
718 1283 807 1345 enim
827 1282 994 1346 Dominus
1014 1280 1091 1363 Ipse
1111 1281 1220 1346 Amor
1239 1294 1274 1347 et
1294 1285 1373 1367 Ipsa

250 1374 441 1458 Sapientia;
465 1377 548 1441 haec
568 1377 635 1439 duo
654 1396 722 1439 non
742 1370 873 1439 suntin
893 1375 980 1450 loco,
1001 1377 1062 1439 sed
1081 1386 1160 1439 sunt
1179 1379 1233 1440 ubi
1253 1381 1372 1462 recipi·

250 1480 359 1545 untur,
383 1481 418 1534 et
444 1471 628 1535 secundum
657 1470 756 1554 quale
782 1471 1007 1552 receptionis:
1040 1480 1095 1533 ast
1122 1470 1186 1534 hoc
1213 1491 1373 1536 arcanum

251 1584 317 1626 non
339 1575 455 1647 potest
477 1565 632 1648 intelligi,
657 1566 718 1628 nisi
741 1564 785 1628 ab
807 1564 874 1627 illis
896 1565 952 1646 qui
977 1565 1012 1627 in
1039 1565 1204 1647 sapientia
1226 1577 1304 1630 sunt
1327 1587 1373 1630 ex

250 1661 444 1741 receptione
471 1659 553 1722 lucis
579 1679 598 1722 e
625 1658 730 1723 Caelo
756 1679 777 1721 a
805 1658 975 1735 Domin03
1011 1679 1071 1740 pro
1101 1660 1153 1722 his
1180 1671 1259 1723 sunt
1287 1681 1374 1744 quae

250 1754 374 1835 scripta
392 1762 470 1817 sunt
494 1755 526 1816 in
546 1754 632 1816 binis
652 1751 830 1835 Operibus,
851 1774 919 1816 uno
938 1755 981 1816 de
998 1753 1127 1817 Divina
1142 1753 1372 1829 Providentia,
1425 1776 1433 1791 ·
1454 1788 1457 1792 ⁸

251 1846 358 1912 altero
376 1848 419 1912 de
437 1847 560 1911 Divino
577 1849 704 1912 Artmre
720 1857 752 1910 et
768 1847 897 1912 Divina
915 1847 1100 1929 Sapientia,
1120 1850 1154 1912 in
1173 1850 1294 1932 quibus
1312 1851 1373 1914 de-

250 1953 475 2007 monstratum
508 1954 572 2017 est,
600 1943 691 2026 quod
727 1942 804 2024 lpse
837 1941 1005 2005 Dominus
1038 1944 1081 2006 sit
1114 1945 1148 2006 in
1181 1945 1374 2009 hominibus

250 2038 434 2101 secundum
449 2039 690 2120 receptionem,
707 2046 741 2101 et
762 2056 830 2100 non
847 2036 983 2119 aliquod
1003 2036 1162 2100 Divinum
1179 2049 1374 2120 separatum

251 2133 293 2195 ab
305 2133 393 2214 Ipso.
438 2131 566 2214 Angeli
579 2133 611 2195 in
625 2132 688 2194 hac
701 2133 777 2195 idea
789 2139 879 2206 sunt,
891 2131 970 2194 dum
982 2132 1017 2194 in
1028 2132 1105 2195 idea
1116 2133 1158 2196 de
1171 2130 1372 2215 Omniprae-

250 2229 359 2289 sentia
377 2226 509 2301 Divina,
526 2237 562 2290 et
581 2246 649 2289 non
669 2226 787 2291 dubito
803 2227 882 2307 quin
898 2226 1001 2290 etiam
1017 2226 1119 2308 aliqui
1138 2225 1320 2290 Christiani
1339 2229 1374 2291 in

251 2321 347 2384 simili
366 2323 497 2404 possint
517 2341 600 2384 esse.

309 2439 414 2506 950.
439 2432 594 2500 [Vers.13.]
621 2421 711 2505 ‘Epo
733 2441 800 2484 sum
822 2421 916 2502 Alphe
935 2427 971 2485 et
992 2421 1117 2504 Omspu,
1138 2421 1319 2503 Principium
1342 2430 1378 2487 st

251 2512 341 2584 finis,
356 2513 474 2576 Primus
494 2519 528 2578 si
549 2513 711 2585 Ultimus,”
725 2509 894 2593 significat
917 2513 999 2594 quia
1021 2511 1187 2575 Dominus
1208 2522 1260 2575 est
1279 2513 1373 2576 Dens

254 2603 282 2669 C
281 2605 348 2668 aeli
359 2616 392 2669 et
411 2605 442 2669 T
437 2629 542 2676 errae,
555 2617 586 2670 et
601 2605 642 2670 ab
654 2606 734 2686 Ipso
749 2604 860 2667 omnia
875 2605 910 2666 in
924 2603 1036 2669 Caelis
1049 2615 1083 2667 et
1097 2605 1133 2667 in
1151 2604 1265 2668 Terris
1271 2606 1374 2685 salla

251 2710 337 2775 sunt,
349 2712 381 2764 et
391 2711 454 2782 per
465 2703 626 2765 Divinam
637 2700 752 2781 Ipsius
763 2698 1018 2763 Providentiam
1031 2712 1201 2782 reguntur,
1213 2712 1246 2765 et
1259 2720 1372 2765 secun-

250 2794 328 2857 dum
344 2796 438 2859 illam
444 2795 693 2879 finnt—Quod
713 2796 796 2858 haec
813 2804 848 2857 et
865 2795 961 2877 plura
979 2815 1040 2877 per
1054 2795 1113 2860 illa
1127 2797 1233 2864 verba
1245 2791 1374 2878 signifi-

251 2900 379 2967 centur,
398 2892 553 2956 videatur
571 2912 671 2974 supra
691 2888 738 2971 (n.
758 2890 848 2971 888).
1309 2929 1318 2942 ·

310 3009 407 3077 951.
433 3002 518 3072 [Vm.
534 3004 587 3070 ¹4·]
613 2991 732 3056 “Booti
751 2988 907 3055 iacientes
920 2992 1065 3056 municio
1085 2992 1303 3073 ipsiusne-'sit
1318 3012 1375 3074 po·

251 3087 351 3146 eonas
364 3084 483 3146 illorum
503 3082 534 3146 in
553 3082 669 3146 irim
686 3084 773 3157 ntus,
791 3087 825 3145 st
840 3082 941 3163 poetis
954 3082 1169 3163 ingrediuntor·
1180 3083 1211 3143 in
1227 3084 1374 3156 omm,”

250 3174 419 3257 significat
442 3176 532 3257 quod
542 3175 694 3254 felicitas
717 3186 853 3239 aeterna
876 3176 924 3239 sit
946 3174 1017 3237 illis
1040 3175 1101 3256 qui
1121 3176 1240 3237 venunt
1260 3196 1373 3239 secun·

250 3271 328 3334 dum
347 3278 525 3351 praecepta
546 3270 692 3345 Domini,
712 3280 855 3352 propter
868 3271 975 3352 finem
1005 3279 1042 3332 ut
1070 3269 1140 3332 sint
1169 3268 1204 3331 in
1232 3268 1374 3332 Domino

249 3375 281 3428 et
301 3364 464 3428 Dominus
482 3364 516 3427 in
535 3364 606 3427 illis
621 3375 685 3444 per
700 3386 856 3439 cinerem,
872 3373 905 3427 et
921 3365 959 3427 in
977 3363 1076 3427 Nova
1093 3362 1207 3444 [prins
1226 3362 1373 3427 Ecclesia

248 3471 310 3541 per
326 3457 523 3540 cognitiones
541 3458 581 3520 de
598 3457 794 3539 Ips0.—-Per
811 3460 961 3522 “beatos
972 3458 986 3483 ”
1002 3456 1236 3539 significantur
1253 3457 1373 3539 quibus

249 3554 393 3619 felicitas
411 3553 503 3616 vitae
521 3562 681 3616 aeternae
704 3563 758 3616 est
783 3551 831 3634 (n.
850 3552 924 3633 639,
942 3554 1016 3633 852,
1032 3552 1132 3632 944);
1156 3571 1216 3633 per
1235 3551 1373 3615 “sacere

251 3648 414 3711 mandata
445 3646 575 3729 Ipsius”
603 3646 810 3728 significatur
835 3649 949 3710 vivere
975 3646 1160 3710 secundum
1191 3657 1374 3727 praecepta

204 3765 209 3777 ·
250 3742 408 3819 Domini;
434 3746 499 3804 “ut
522 3742 566 3805 sit
589 3751 743 3822 potestas
766 3741 899 3804 illorum
923 3743 955 3803 in
975 3740 1110 3803 Arbore
1131 3738 1250 3813 vitae,”
1268 3740 1374 3821 signi·

250 3836 330 3901 licat
349 3838 394 3899 ob
417 3834 518 3899 finem
541 3846 578 3899 ut
602 3837 669 3898 sint
693 3837 724 3897 in
750 3836 899 3899 Domino
921 3846 956 3899 et
980 3836 1146 3898 Dominus
1169 3834 1200 3897 in
1225 3834 1290 3895 illis
1313 3845 1376 3915 per

250 3950 411 4004 amorem,
431 3932 495 3997 hoc
514 3938 578 4004 est,
599 3940 737 4011 propter
759 3930 953 4003 Dominum,
972 3930 1017 3992 de
1034 3950 1102 4011 quo
1119 3929 1289 4010 sequitur;
1312 3948 1372 4010 per

252 4027 388 4108 “portis
413 4024 544 4106 ingredi
571 4024 604 4086 in
632 4024 790 4097 Urbem,'’
815 4023 1023 4104 significatur
1049 4034 1086 4086 ut
1116 4024 1183 4085 sint
1213 4023 1247 4085 in
1275 4021 1374 4084 Nova

252 4120 389 4185 Domini
417 4118 572 4183 Ecclesia
598 4138 656 4199 per
682 4118 898 4199 cognitiones
919 4118 963 4181 de
990 4117 1089 4199 lpso;
1122 4137 1181 4198 per
1205 4115 1374 4197 “portas''

252 4216 335 4277 muri
366 4212 484 4277 Novae
513 4212 772 4293 Hierosolymae
796 4210 1028 4293 significantur
1054 4210 1269 4291 cognitiones
1293 4209 1373 4271 boni

251 4320 286 4373 et
313 4309 382 4373 veri
406 4328 450 4371 ex
465 4306 587 4371 *Verbo
607 4304 655 4388 (n.
674 4308 746 4387 899,
765 4322 838 4387 900,
855 4306 954 4387 922);
986 4314 1022 4369 et
1046 4306 1123 4387 quia
1141 4305 1373 4385 “unaquaevis

252 4414 350 4485 porta
366 4413 437 4467 erat
454 4422 519 4465 una
535 4401 747 4483 margarita,”
763 4400 993 4483 principaliter
1009 4418 1067 4481 per
1084 4406 1229 4480 “portas
1237 4397 1252 4422 ''
1268 4397 1372 4478 signi-

251 4496 394 4561 ficantur
412 4498 627 4578 cognitiones
645 4496 691 4558 de
711 4496 859 4558 Domino
877 4492 924 4575 (n.
942 4492 1032 4575 916),
1052 4502 1088 4555 et
1107 4512 1166 4573 per
1183 4490 1373 4562 “Urbem”

253 4612 311 4655 scu
325 4590 609 4673 Hierosolymam,
623 4588 829 4672 significatur
841 4588 939 4652 Nova
952 4586 1107 4651 Ecclesia
1119 4605 1195 4649 cum
1209 4581 1372 4648 Doctrina
