3384 5400
359 648 423 730 678
680 660 928 713 anocnnvpsn
951 662 1162 713 navatam.

361 833 691 917 correspondentiae.
736 832 826 915 Quid
849 845 963 897 autem
987 834 1120 916 singula
1142 834 1281 899 metalla
1299 856 1345 899 ex
1368 856 1476 901 corre·

362 930 566 1011 spondentia
584 928 785 1010 significant,
803 948 871 992 non
890 940 943 992 est
962 929 1056 1011 hujus
1075 930 1140 993 loci
1159 951 1203 993 ex
1223 930 1340 994 Verbo
1358 930 1477 996 confir·

362 1043 465 1097 mare,
477 1023 585 1086 solum
598 1023 761 1106 aliquibus
774 1025 863 1107 quod
878 1030 897 1055 ‘¹
906 1044 963 1087 aes
971 1023 985 1049 ’³
998 1022 1163 1105 significet
1177 1024 1301 1087 bonum
1316 1024 1477 1099 naturale,

362 1128 396 1182 et
412 1120 491 1181 inde
508 1117 680 1181 “serrum''
695 1138 810 1181 verum
827 1118 991 1193 naturale,
1007 1128 1044 1181 ut
1060 1120 1164 1182 videri
1181 1130 1294 1201 potest
1310 1139 1355 1181 ex
1373 1120 1444 1183 his:

411 1262 499 1341 Quod⁸
509 1263 595 1341 Pedes
612 1262 818 1341 Filiilllominis
834 1262 885 1313 visi
903 1262 959 1312 sint
975 1262 1076 1313 similes
1093 1262 1165 1323 Aeni,
1185 1272 1311 1327 tanquam
1329 1264 1357 1313 in
1375 1266 1480 1313 camino

410 1328 698 1473 Quodlglilaiiiiglipvoicsris
708 1329 748 1443 leit)
757 1366 804 1443 ³Vir
815 1392 892 1457 cujus
907 1394 990 1458 pedes
1001 1403 1078 1444 erant
1089 1394 1157 1445 sicut
1169 1394 1296 1457 splendor
1307 1394 1387 1445 Aeris
1400 1395 1481 1445 laevi·

410 1458 783 1591 Quodgtttiaffgbexrutssofflm
802 1526 884 1588 pedes
895 1524 947 1575 viel
964 1524 1019 1575 slnt
1036 1524 1165 1575 micantes
1176 1524 1246 1575 sicut
1261 1525 1392 1588 splendor
1404 1525 1481 1576 Aeris

493 1591 619 1653 laevigati
629 1591 730 1653 (Erech.
742 1591 759 1640 i.
771 1590 813 1653 7);

361 1731 452 1814 quod
469 1730 602 1815 “pedes
610 1728 625 1755 ''
640 1728 831 1812 significent
851 1728 1014 1805 naturale,
1030 1729 1184 1793 videatur
1202 1748 1233 1792 n.
1248 1746 1301 1811 49,
1316 1728 1391 1809 468,
1408 1745 1481 1812 470,

364 1840 444 1908 510;

455 1962 490 2011 ou
502 1948 623 2023 Angelus
634 1960 708 2010 nsua
720 1959 755 2009 nt
766 1960 834 2010 near
845 1956 970 2023 „paam
982 1959 1061 2009 nens
1074 1958 1174 2019 (mar.
1186 1960 1221 2010 ιι.
1233 1958 1273 2021 3);

454 2029 490 2077 od
513 2028 606 2077 Statua
629 2025 864 2076 Nebuchadnezari
887 2026 945 2074 visa
964 2024 1051 2088 quoad
1074 2034 1154 2088 caput
1176 2036 1247 2074 esset
1267 2040 1371 2084 aurum,
1394 2026 1482 2090 quoad

493 2090 587 2156 pedlus
604 2101 632 2141 et
648 2093 756 2142 brachia
772 2101 921 2153 argentum,
936 2090 1024 2154 quoad
1041 2100 1162 2140 ventrem
1180 2100 1208 2139 et
1224 2091 1293 2140 letus
1310 2092 1375 2151 Aes,
1395 2093 1482 2155 quoad

492 2173 570 2208 crura
581 2157 690 2208 Ferrum
702 2157 784 2219 (Dan.
799 2156 826 2207 li.
838 2168 878 2217 32,
890 2157 947 2219 33);

361 2308 422 2373 per
454 2292 554 2370 qu'am
587 2294 735 2349 statuam
768 2284 1012 2368 repraesentati
1048 2293 1126 2348 sunt
1159 2284 1338 2348 successivi
1371 2295 1483 2349 status

362 2382 549 2455 Ecclesiae,
576 2381 631 2462 qui
657 2380 701 2442 ab
726 2380 872 2461 antiquis
898 2375 977 2441 dieti
1003 2378 1135 2441 luerunt
1161 2378 1305 2453 saecula,
1333 2398 1482 2454 aureum,

362 2486 572 2558 argenteum,
596 2493 749 2547 aeneum,
774 2482 809 2537 et
832 2472 983 2535 ferreum.
1030 2471 1197 2554 Quoniam
1218 2472 1331 2536 “aes”
1354 2473 1482 2555 signifi·

362 2572 463 2636 cabat
482 2568 646 2642 naturale,
666 2578 700 2631 et
724 2566 867 2649 populus
891 2566 1093 2630 Israelitieus
1115 2567 1175 2630 suit
1199 2586 1290 2631 mere
1308 2568 1482 2646 naturalis,

362 2665 440 2731 ideo
458 2662 622 2728 Naturale
646 2661 783 2726 Domini
800 2672 1092 2745 repraesentatum
1110 2670 1163 2726 est
1182 2682 1241 2747 per

411 2809 569 2872 Serpentem
581 2806 712 2866 Aeneam,
724 2820 803 2869 quem
816 2805 898 2855 morsi
911 2820 927 2854 a
939 2805 1106 2868 serpentibus
1112 2803 1273 2870 aspicerent,
1285 2817 1312 2856 et
1321 2819 1485 2860 sanarentur

492 2875 586 2937 (Num.
597 2873 651 2922 xxi.
663 2873 686 2932 ὁ,
699 2872 722 2932 8,
733 2886 766 2935 9;
786 2872 849 2936 Joh.
861 2871 897 2922 lii.
911 2883 949 2932 14,
963 2872 1010 2934 15).

363 3013 464 3097 Quod
484 3011 593 3077 “aes’'
608 3009 774 3094 significet
793 3011 920 3075 bonum
940 3009 1103 3087 naturale,
1123 3011 1225 3074 etiam
1242 3012 1348 3076 videri
1366 3025 1483 3096 potest

411 3160 491 3223 Apud
503 3157 577 3223 Esaj.
588 3158 624 3207 lx.
638 3169 684 3218 17:
710 3157 804 3223 Jerem.
814 3170 858 3206 xv.
870 3167 909 3215 πο,
920 3167 967 3216 21;
990 3155 1082 3206 Επεὶ.
1091 3156 1173 3206 xxvii.
1185 3168 1231 3217 133
1248 3156 1342 3208 Deutr.
1351 3158 1406 3209 viii.
1418 3172 1442 3220 7,
1452 3175 1483 3226 93

493 3239 550 3287 cap.
562 3223 653 3273 xxxiii.
665 3235 705 3285 24,
717 3235 757 3284 ²5·

424 3353 521 3434 776.
551 3350 617 3433 Qui
629 3349 858 3432 nonscitquid
869 3348 1356 3432 per⁴⁸aurum,”“argentum''
1368 3353 1482 3437 “lapi-

362 3449 440 3512 dem
451 3443 1482 3528 pretiosum‚”“margaritam''“byssum'‘“purpuram,”“se.

362 3540 495 3615 ricum,''
519 3538 750 3613 “coccinum''
770 3538 927 3619 “lignum
952 3538 1135 3620 thyinum‚”
1158 3544 1245 3600 “vas
1268 3539 1483 3617 eburneum‚''

363 3635 520 3716 “lignum
539 3631 886 3716 pretiosum,‘'·“aes‚”
904 3633 1082 3707 “serrum'’
1099 3639 1117 3665 “
1128 3652 1273 3695 marmor
1281 3631 1295 3656 ¹¹
1311 3645 1346 3697 et
1364 3637 1483 3712 “vas’'

362 3727 578 3811 significatur,
606 3737 720 3811 potest
748 3728 858 3790 mirari
885 3728 976 3810 quod
1006 3728 1088 3790 talia
1114 3737 1311 3790 enumerata
1337 3730 1416 3804 sint,
1448 3743 1483 3798 et

362 3824 490 3907 opinari
509 3823 597 3904 quod
621 3823 724 3885 modo
746 3824 813 3886 sint
836 3821 1028 3885 cumulatae
1047 3841 1148 3885 voces
1166 3821 1209 3884 ad
1232 3821 1482 3891 exaltationem

361 3919 428 3994 rei;
452 3917 511 3979 sed
530 3916 573 3978 ab
588 3916 767 3998 explicatis
785 3925 943 3979 constare
962 3926 1086 3998 potest,
1104 3918 1193 3999 quod
1213 3937 1281 3980 non
1297 3920 1395 3982 unica
1410 3941 1483 3984 vox

361 4013 405 4075 sit
424 4031 521 4084 vana.
541 4021 576 4073 et
595 4011 684 4093 quod
708 4030 766 4091 per
784 4009 841 4073 illa
861 4010 1069 4074 describatur
1087 4011 1196 4093 plene,
1216 4011 1305 4093 quod
1325 4031 1393 4075 non
1416 4014 1484 4078 illis

361 4107 416 4190 qui
444 4103 726 4168 confirmaverunt
752 4123 788 4167 se
817 4105 851 4166 in
879 4103 1096 4186 dogmatibus
1124 4103 1287 4185 Religiosi
1314 4106 1410 4168 istius
1438 4109 1483 4173 sit

361 4201 493 4262 unicum
514 4219 639 4272 verum,
663 4207 699 4261 et
725 4199 752 4261 si
778 4218 846 4260 non
874 4200 1006 4261 unicum
1029 4219 1145 4262 verum
1172 4217 1239 4261 non
1265 4209 1318 4262 est
1345 4200 1482 4266 unicum

360 4295 498 4368 bonum,
518 4293 607 4376 quod
627 4303 680 4356 est
699 4291 823 4355 bonum
843 4291 1028 4356 Ecclesiae.

415 4479 545 4536 locutus
564 4497 629 4535 sum
648 4497 716 4535 cum
736 4480 857 4551 illisqui
877 4481 906 4534 in
928 4480 1080 4550 Religioso
1099 4481 1150 4537 illo
1169 4497 1200 4536 se
1217 4481 1480 4546 confirmaverunt,

361 4551 450 4606 etiam
465 4568 532 4605 curn
546 4551 693 4621 aliquibus
706 4551 757 4620 qui
777 4551 806 4604 in
820 4550 956 4606 Concilio
971 4549 1093 4614 Niceno,
1108 4551 1297 4606 Lateran'ensi
1310 4563 1341 4606 et
1353 4551 1480 4609 Triden-

363 4623 435 4686 tino,
445 4621 546 4693 Legati
556 4621 684 4684 luerunt,
693 4621 744 4692 qui
755 4621 901 4692 principio
909 4621 1098 4676 erediderunt
1108 4622 1189 4694 quod
1200 4637 1277 4693 quae
1286 4624 1479 4680 decreverant
