3384 5400
557 632 636 684 can.
653 633 757 695 xxu,
774 632 877 684 vans.
894 632 1002 683 2.-u.
1018 618 1090 702 936.
1320 612 1381 701 843

264 814 351 881 sunt,
366 805 599 887 perducantur
615 805 665 868 ad
681 804 891 887 cogitandum
910 826 992 869 sane
1012 815 1044 869 et
1064 804 1114 869 ad
1132 805 1307 869 prunedum
1328 807 1382 869 de-

263 902 486 965 centem—Per
514 900 625 964 “lolia
651 900 805 964 arboris”
834 899 1067 983 significantur
1095 922 1175 965 vera
1204 901 1382 965 rationalia

267 995 324 1077 (de
343 997 462 1079 quibus
481 994 600 1078 infra);
635 1016 694 1078 per
714 995 889 1077 “gentes’'
907 994 1139 1077 significantur
1157 996 1212 1078 qui
1230 997 1264 1059 in
1284 997 1383 1061 bonis

264 1100 300 1154 et
326 1090 404 1153 inde
426 1091 514 1153 veris
537 1099 626 1164 sunt,
650 1099 686 1153 et
716 1092 749 1152 in
772 1090 931 1172 opposito
954 1109 1054 1153 sensu
1077 1090 1133 1173 qui
1162 1091 1195 1153 in
1219 1089 1317 1153 malis
1347 1101 1382 1155 et

264 1186 341 1249 inde
364 1184 456 1248 salsis
480 1182 527 1267 (n.
549 1184 649 1267 483);
684 1185 736 1248 hic
760 1186 815 1266 qui
845 1186 879 1248 in
902 1184 1000 1247 malis
1023 1194 1058 1249 et
1083 1185 1160 1249 inde
1183 1184 1285 1259 salsis,
1306 1187 1383 1269 quia

264 1280 385 1343 dicitur
410 1281 472 1343 “in
498 1279 725 1343 medicinam”
747 1280 901 1357 illorum;
928 1288 963 1343 et
993 1279 1040 1342 illi
1070 1281 1126 1363 qui
1155 1282 1189 1344 in
1220 1281 1317 1345 malis
1347 1292 1382 1345 et

264 1375 341 1439 inde
359 1373 451 1437 salsis
469 1384 559 1449 sunt,
580 1394 649 1437 non
668 1382 810 1456 possunt
829 1374 940 1437 sanari
960 1395 1019 1456 per
1037 1372 1200 1447 Verbum,
1221 1375 1381 1457 quiahoc

264 1488 332 1531 non
349 1468 488 1550 legunt;
512 1468 572 1531 sed
591 1469 618 1530 si
633 1467 759 1550 judicio
774 1466 917 1551 pollent,
935 1469 1045 1532 sanari
1065 1479 1207 1551 possunt
1226 1490 1285 1551 per
1303 1488 1383 1532 vera

264 1562 450 1626 rationalia.
495 1561 623 1627 Similia
655 1583 741 1645 quae
773 1563 807 1625 in
840 1562 904 1626 hoc
935 1583 1033 1626 versu
1063 1562 1295 1646 significantur
1324 1584 1384 1647 per

264 1654 348 1721 haec
367 1657 456 1740 apud
473 1656 678 1720 Bacchidem
688 1680 702 1720 .·

313 1791 381 1842 Ecce
400 1808 485 1857 aquae
502 1802 631 1843 exeuntes
648 1793 734 1842 desub
750 1792 843 1841 limine
862 1791 966 1842 Domus
986 1808 1020 1843 ex
1039 1793 1134 1857 quibus
1152 1793 1257 1853 fluvius,
1279 1794 1384 1857 “super

393 1859 470 1921 cujus
482 1860 540 1921 ripa
552 1859 642 1908 Arbor
652 1858 702 1907 cibl
720 1857 804 1906 multa
814 1859 894 1908 valde
911 1860 973 1907 hinc
991 1868 1017 1907 et
1034 1859 1104 1917 hinc,
1118 1860 1195 1921 cujus
1213 1874 1267 1908 non
1285 1859 1384 1909 decidit

395 1924 500 1974 Folium
512 1939 598 1987 neque
610 1924 785 1980 consumitur,
799 1924 826 1973 iu
839 1938 947 1973 menses
959 1926 1114 1981 renascitur,
1128 1926 1200 1975 unde
1211 1923 1313 1975 fruetus
1325 1926 1384 1988 ejus

394 1991 475 2041 estin
487 1992 584 2048 cibum,
598 1999 625 2040 et
638 1989 741 2039 Folium
754 1989 813 2052 ejus
825 1989 853 2039 in
867 1989 1029 2039 Medicinam
1037 1989 1051 2010 ''
1061 1990 1144 2054 (xlvii.
1158 2003 1179 2049 1,
1193 2002 1215 2051 7,
1229 1990 1285 2053 12),

264 2122 309 2185 ibi
327 2122 432 2186 etiarn
450 2121 493 2184 de
516 2120 615 2183 Nova
634 2119 799 2183 Ecclesia.
845 2118 947 2201 Quod
970 2141 1029 2203 per
1046 2120 1174 2184 “solia''
1190 2120 1382 2203 significen-

265 2227 320 2281 tur
348 2236 428 2280 vera
452 2214 641 2289 rationalia,
665 2224 719 2279 est
748 2216 826 2297 quia
849 2235 909 2297 per
932 2214 1153 2279 “Amorem‘'
1176 2216 1385 2299 significatur

265 2312 369 2375 horno
389 2309 436 2392 (n.
456 2312 506 2391 89,
522 2309 614 2391 400),
631 2319 667 2373 et
686 2318 767 2372 tunc
787 2329 846 2391 per
865 2310 980 2372 omnia
995 2308 1137 2373 Arboris
1152 2310 1385 2393 significantur

265 2406 510 2469 concordantia
532 2404 622 2486 apud
652 2404 835 2478 hominem,
860 2413 897 2467 ut
928 2424 987 2487 per
1012 2424 1135 2480 ramos,
1159 2405 1249 2482 solia,
1273 2406 1382 2493 flores,

263 2497 399 2574 tructus,
428 2508 463 2563 et
489 2500 639 2575 semina;
669 2518 729 2580 per
754 2498 917 2562 “ramos'’
940 2498 1172 2580 significantur
1197 2521 1276 2565 vera
1306 2520 1383 2565 sen·

266 2595 370 2657 sualia
386 2603 421 2658 et
438 2594 604 2658 naturalia
620 2594 775 2666 hominis,
793 2614 853 2675 per
870 2592 999 2657 “solia’'
1014 2615 1094 2657 vera
1110 2594 1287 2658 rationalia
1302 2594 1383 2677 ejus,

265 2709 325 2771 per
355 2688 504 2752 “flores''
534 2709 614 2752 vera
643 2688 812 2770 primitiva
843 2687 1028 2771 spiritualia
1060 2690 1093 2752 in
1126 2688 1294 2766 rationali,
1326 2712 1386 2774 per

268 2781 442 2847 “fructus''
458 2783 548 2846 bona
563 2783 687 2846 amoris
703 2791 738 2846 et
755 2783 942 2858 charitatis,
957 2792 992 2846 et
1009 2803 1068 2866 per
1085 2785 1264 2848 “semina''
1280 2785 1383 2868 signi-

266 2876 409 2942 ficantur
423 2878 542 2941 ultima
558 2888 593 2941 et
612 2879 720 2960 prima
738 2878 893 2941 hominis.
939 2876 1040 2958 Quod
1059 2899 1118 2961 per
1135 2879 1264 2943 “solia”
1280 2882 1384 2963 signi-

265 2971 408 3036 ficentur
436 2993 516 3035 vera
548 2973 736 3055 rationalia,
769 2981 867 3054 patet
900 2971 991 3035 clare
1023 2993 1044 3035 a
1073 2975 1152 3036 visis
1188 2975 1221 3038 in
1257 2976 1385 3038 mundo

266 3066 449 3149 spirituali;
481 3077 646 3150 apparent
668 3069 758 3130 enim
785 3067 830 3130 ibi
855 3067 958 3130 etiam
982 3067 1118 3132 arbores
1141 3088 1217 3131 cum
1240 3068 1326 3134 soliis
1349 3080 1384 3134 et

264 3158 435 3235 irudtibus,
456 3171 534 3224 sunt
557 3161 601 3224 ibi
624 3161 713 3224 horti
732 3170 767 3224 et
790 3160 935 3243 paradisi
959 3181 1004 3224 ex
1026 3161 1110 3224 illis:
1140 3163 1229 3245 apud
1252 3167 1384 3247 eosqui

266 3257 299 3319 in
317 3256 416 3319 bonis
434 3256 557 3318 amoris
576 3266 611 3319 et
630 3256 728 3319 simul
748 3257 781 3319 in
800 3257 888 3319 veris
907 3257 1093 3337 sapientiae
1109 3267 1198 3332 sunt,
1219 3271 1384 3340 apparent
1417 3335 1420 3342 Ι

266 3351 403 3414 arbores
421 3347 607 3413 fructiferae
624 3349 833 3413 luxuriantes
852 3349 938 3413 soliis
955 3350 1121 3432 pulchris;
1145 3363 1181 3414 at
1200 3351 1289 3434 apud
1307 3352 1384 3416 illos

266 3448 321 3529 qui
344 3448 377 3509 in
395 3447 482 3508 veris
500 3444 638 3526 alicujus
656 3446 844 3526 sapientiae
863 3455 952 3519 sunt,
973 3455 1008 3510 et
1027 3465 1072 3508 ex
1091 3447 1222 3509 ratione
1241 3445 1383 3529 loquun-

266 3553 330 3615 tur,
355 3549 390 3604 et
413 3559 482 3602 non
505 3540 538 3603 in
565 3539 662 3602 bonis
684 3541 818 3614 amoris,
842 3549 1008 3622 apparent
1031 3539 1168 3604 arbores
1191 3541 1312 3624 plenae
1334 3542 1384 3606 so·

267 3636 318 3699 liis
344 3635 404 3698 sed
434 3634 561 3717 absque
586 3632 764 3711 srudtibus;
802 3642 839 3697 at
865 3634 954 3716 apud
980 3654 1065 3716 quos
1091 3655 1159 3699 non
1186 3648 1264 3701 sunt
1294 3638 1385 3703 bona

266 3750 329 3794 nec
348 3749 428 3792 vera
446 3730 642 3810 sapientiae,
663 3749 732 3790 non
755 3737 920 3811 apparent
943 3728 1090 3804 arbores,
1112 3731 1173 3792 nisi
1193 3731 1385 3798 denudatae

265 3825 352 3888 foliis
371 3824 488 3906 quales
510 3833 665 3906 ternpore
683 3823 813 3903 hyemis
836 3824 870 3885 in
889 3823 1035 3899 mundo;
1063 3823 1166 3887 homo
1189 3843 1258 3888 non
1280 3828 1384 3890 ratio-

266 3918 352 3982 nalis
371 3937 433 3981 nec
452 3917 542 3981 aliud
561 3927 614 3981 est
630 3937 729 4000 quam
749 3917 828 3980 talis
843 3917 952 3980 arbor.
997 3915 1090 3980 Vera
1108 3919 1286 3982 rationalia
1305 3932 1384 3985 sunt

266 4033 351 4096 quae
371 4013 525 4096 proxime
543 4013 708 4094 recipiunt
727 4032 806 4075 vera
824 4010 1019 4094 spiritualia,
1037 4021 1090 4075 est
1110 4013 1198 4075 enim
1218 4015 1385 4079 rationale

266 4107 412 4170 hominis
431 4109 573 4189 primum
589 4106 840 4188 receptaculum
854 4107 1036 4169 veritatum
1052 4106 1284 4188 spiritualium,
1305 4129 1384 4172 nam

266 4203 300 4264 in
326 4200 483 4264 rationali
512 4201 656 4264 hominis
683 4209 736 4263 est
765 4201 940 4282 perceptio
966 4201 1035 4263 veri
1065 4200 1098 4262 in
1127 4199 1239 4282 aliqua
1264 4201 1382 4274 forma,

266 4315 367 4377 quam
386 4296 458 4377 ipse
472 4296 577 4358 homo
596 4315 664 4357 non
682 4294 775 4358 videt
794 4295 1015 4375 cogitatione,
1036 4295 1122 4356 sicut
1143 4293 1199 4357 illa
1218 4315 1304 4376 quae
1323 4296 1385 4360 sub

266 4388 423 4453 rationali
449 4399 528 4453 sunt
554 4390 589 4452 in
615 4389 825 4471 cogitatione
849 4387 1011 4461 inferiore,
1036 4407 1122 4470 quae
1149 4409 1185 4452 se
1209 4389 1384 4472 conjungit

266 4503 343 4547 cum
366 4485 440 4546 visu
465 4493 620 4548 externo.
683 4482 744 4546 Per
768 4481 897 4546 “solia''
919 4483 1024 4547 etiam
1049 4481 1283 4566 significantur
1305 4505 1384 4548 vera

266 4577 446 4642 rationalia
